%YAML 1.1
%TAG !u! tag:unity3d.com,2011:
--- !u!1 &168476
GameObject:
  m_ObjectHideFlags: 0
  m_PrefabParentObject: {fileID: 0}
  m_PrefabInternal: {fileID: 100100000}
  serializedVersion: 4
  m_Component:
  - 4: {fileID: 406676}
  - 33: {fileID: 3381062}
  - 23: {fileID: 2306826}
  - 64: {fileID: 6453160}
  m_Layer: 8
  m_Name: Ground_2
  m_TagString: Untagged
  m_Icon: {fileID: 0}
  m_NavMeshLayer: 0
  m_StaticEditorFlags: 0
  m_IsActive: 1
--- !u!1 &185894
GameObject:
  m_ObjectHideFlags: 0
  m_PrefabParentObject: {fileID: 0}
  m_PrefabInternal: {fileID: 100100000}
  serializedVersion: 4
  m_Component:
  - 4: {fileID: 400102}
  - 212: {fileID: 21284634}
  - 60: {fileID: 6074738}
  m_Layer: 0
  m_Name: Ground_2
  m_TagString: Untagged
  m_Icon: {fileID: 0}
  m_NavMeshLayer: 0
  m_StaticEditorFlags: 0
  m_IsActive: 1
--- !u!4 &400102
Transform:
  m_ObjectHideFlags: 1
  m_PrefabParentObject: {fileID: 0}
  m_PrefabInternal: {fileID: 100100000}
  m_GameObject: {fileID: 185894}
  m_LocalRotation: {x: 0, y: 0, z: 0, w: 1}
  m_LocalPosition: {x: 0, y: 51.2, z: -20}
  m_LocalScale: {x: 1, y: 1, z: 1}
  m_Children: []
  m_Father: {fileID: 406676}
  m_RootOrder: 0
--- !u!4 &406676
Transform:
  m_ObjectHideFlags: 1
  m_PrefabParentObject: {fileID: 0}
  m_PrefabInternal: {fileID: 100100000}
  m_GameObject: {fileID: 168476}
  m_LocalRotation: {x: 0, y: 0, z: 0, w: 1}
  m_LocalPosition: {x: 153.6, y: -42.4, z: 0}
  m_LocalScale: {x: 1.5, y: 1, z: 0.1}
  m_Children:
  - {fileID: 400102}
  m_Father: {fileID: 0}
  m_RootOrder: 0
--- !u!23 &2306826
MeshRenderer:
  m_ObjectHideFlags: 1
  m_PrefabParentObject: {fileID: 0}
  m_PrefabInternal: {fileID: 100100000}
  m_GameObject: {fileID: 168476}
  m_Enabled: 1
  m_CastShadows: 1
  m_ReceiveShadows: 1
  m_Materials:
  - {fileID: 2100000, guid: 11d8554a4c164445490dfec1fd404394, type: 2}
  m_SubsetIndices: 
  m_StaticBatchRoot: {fileID: 0}
  m_UseLightProbes: 1
  m_ReflectionProbeUsage: 1
  m_ProbeAnchor: {fileID: 0}
  m_ScaleInLightmap: 1
  m_PreserveUVs: 0
  m_IgnoreNormalsForChartDetection: 0
  m_ImportantGI: 0
  m_MinimumChartSize: 4
  m_AutoUVMaxDistance: 0.5
  m_AutoUVMaxAngle: 89
  m_LightmapParameters: {fileID: 0}
  m_SortingLayerID: 0
  m_SortingOrder: 0
--- !u!33 &3381062
MeshFilter:
  m_ObjectHideFlags: 1
  m_PrefabParentObject: {fileID: 0}
  m_PrefabInternal: {fileID: 100100000}
  m_GameObject: {fileID: 168476}
  m_Mesh: {fileID: 4300000, guid: 0852d30cb1f7f4a4c93385973ff76803, type: 3}
--- !u!60 &6074738
PolygonCollider2D:
  m_ObjectHideFlags: 1
  m_PrefabParentObject: {fileID: 0}
  m_PrefabInternal: {fileID: 100100000}
  m_GameObject: {fileID: 185894}
  m_Enabled: 1
  m_Density: 1
  m_Material: {fileID: 6200000, guid: 543cb512f5ed8448a96112a81d1c8c22, type: 2}
  m_IsTrigger: 0
  m_UsedByEffector: 0
  m_Offset: {x: 0, y: 0}
  m_Points:
    m_Paths:
    - - {x: 101.3, y: -15.8}
      - {x: 94.724266, y: -16.009106}
      - {x: 88.82424, y: -16.309105}
      - {x: 81, y: -16.9}
      - {x: 77.8, y: -16.9}
      - {x: 75.60303, y: -16.718212}
      - {x: 70.17578, y: -15.381844}
      - {x: 66.30001, y: -14.6454735}
      - {x: 63.224255, y: -14.481842}
      - {x: 59.575756, y: -14.790947}
      - {x: 56.34849, y: -15.318211}
      - {x: 52.725037, y: -16.180695}
      - {x: 50.441216, y: -16.503002}
      - {x: 47.582397, y: -16.485409}
      - {x: 45.25879, y: -16.106014}
      - {x: 41.127464, y: -14.985409}
      - {x: 38.54251, y: -14.644207}
      - {x: 35.28241, y: -14.764812}
      - {x: 33.96096, y: -15.0472145}
      - {x: 31.029623, y: -15.564812}
      - {x: 29.154501, y: -15.747211}
      - {x: 27.151073, y: -15.506008}
      - {x: 25.277273, y: -15.000435}
      - {x: 22.114178, y: -13.809017}
      - {x: 19.450674, y: -13.364811}
      - {x: 16.541637, y: -13.485409}
      - {x: 13.904297, y: -13.882404}
      - {x: 11.435629, y: -14.441204}
      - {x: 10.331553, y: -14.595367}
      - {x: 8.30601, y: -14.703007}
      - {x: 6.6313376, y: -14.464809}
      - {x: 3.5257468, y: -13.45623}
      - {x: -0.82619226, y: -11.190983}
      - {x: -5.111196, y: -8.75235}
      - {x: -8.586711, y: -7.1763916}
      - {x: -12.733917, y: -5.9794006}
      - {x: -14.607727, y: -5.647213}
      - {x: -16.799957, y: -5.344208}
      - {x: -20.660513, y: -5.3824043}
      - {x: -23.266088, y: -5.9351883}
      - {x: -24.748928, y: -6.523609}
      - {x: -26.018753, y: -7.1238823}
      - {x: -27.90386, y: -8.247215}
      - {x: -30.231766, y: -9.903446}
      - {x: -31.703857, y: -11.026611}
      - {x: -36.321457, y: -14.861801}
      - {x: -40.7, y: -18.1}
      - {x: -43.2, y: -19.7}
      - {x: -45.2, y: -20.9}
      - {x: -47.3, y: -22}
      - {x: -48.4, y: -22.5}
      - {x: -50, y: -23.1}
      - {x: -52.2, y: -23.800001}
      - {x: -55.4, y: -24.5}
      - {x: -58.100002, y: -24.800001}
      - {x: -60.21931, y: -25.06481}
      - {x: -62.67254, y: -24.703007}
      - {x: -64.85006, y: -24.426159}
      - {x: -66.46481, y: -23.903008}
      - {x: -68.48146, y: -23.337086}
      - {x: -70.697845, y: -22.409016}
      - {x: -73.36824, y: -21.059235}
      - {x: -76.16867, y: -19.38541}
      - {x: -79.237335, y: -17.367817}
      - {x: -82.754944, y: -14.606014}
      - {x: -86.13521, y: -11.712021}
      - {x: -90.11373, y: -7.861801}
      - {x: -94.57723, y: -3.5922966}
      - {x: -97.83133, y: -1.1678162}
      - {x: -100.12189, y: -0.05879593}
      - {x: -102.4, y: 0.6}
      - {x: -102.4, y: -51.2}
      - {x: 102.4, y: -51.2}
      - {x: 102.41598, y: -15.8197975}
--- !u!64 &6453160
MeshCollider:
  m_ObjectHideFlags: 1
  m_PrefabParentObject: {fileID: 0}
  m_PrefabInternal: {fileID: 100100000}
  m_GameObject: {fileID: 168476}
  m_Material: {fileID: 0}
  m_IsTrigger: 0
  m_Enabled: 1
  serializedVersion: 2
  m_Convex: 0
  m_Mesh: {fileID: 4300000, guid: 0852d30cb1f7f4a4c93385973ff76803, type: 3}
--- !u!212 &21284634
SpriteRenderer:
  m_ObjectHideFlags: 1
  m_PrefabParentObject: {fileID: 0}
  m_PrefabInternal: {fileID: 100100000}
  m_GameObject: {fileID: 185894}
  m_Enabled: 1
  m_CastShadows: 0
  m_ReceiveShadows: 0
  m_Materials:
  - {fileID: 10754, guid: 0000000000000000e000000000000000, type: 0}
  m_SubsetIndices: 
  m_StaticBatchRoot: {fileID: 0}
  m_UseLightProbes: 0
  m_ReflectionProbeUsage: 0
  m_ProbeAnchor: {fileID: 0}
  m_ScaleInLightmap: 1
  m_PreserveUVs: 0
  m_IgnoreNormalsForChartDetection: 0
  m_ImportantGI: 0
  m_MinimumChartSize: 4
  m_AutoUVMaxDistance: 0.5
  m_AutoUVMaxAngle: 89
  m_LightmapParameters: {fileID: 0}
  m_SortingLayerID: 0
  m_SortingOrder: 0
  m_Sprite: {fileID: 21300000, guid: 4899273d45c7b462eb11ca3c607fca74, type: 3}
  m_Color: {r: 1, g: 1, b: 1, a: 1}
  m_FlipX: 0
  m_FlipY: 0
--- !u!1001 &100100000
Prefab:
  m_ObjectHideFlags: 1
  serializedVersion: 2
  m_Modification:
    m_TransformParent: {fileID: 0}
    m_Modifications:
    - target: {fileID: 0}
      propertyPath: m_Material
      value: 
      objectReference: {fileID: 6200000, guid: 543cb512f5ed8448a96112a81d1c8c22, type: 2}
    - target: {fileID: 0}
      propertyPath: m_Layer
      value: 8
      objectReference: {fileID: 0}
    m_RemovedComponents: []
  m_ParentPrefab: {fileID: 0}
  m_RootGameObject: {fileID: 168476}
  m_IsPrefabParent: 1
