%YAML 1.1
%TAG !u! tag:unity3d.com,2011:
--- !u!1 &121072
GameObject:
  m_ObjectHideFlags: 0
  m_PrefabParentObject: {fileID: 0}
  m_PrefabInternal: {fileID: 100100000}
  serializedVersion: 4
  m_Component:
  - 4: {fileID: 457202}
  - 212: {fileID: 21231904}
  - 60: {fileID: 6091816}
  m_Layer: 0
  m_Name: New Sprite
  m_TagString: Untagged
  m_Icon: {fileID: 0}
  m_NavMeshLayer: 0
  m_StaticEditorFlags: 0
  m_IsActive: 1
--- !u!1 &121584
GameObject:
  m_ObjectHideFlags: 0
  m_PrefabParentObject: {fileID: 0}
  m_PrefabInternal: {fileID: 100100000}
  serializedVersion: 4
  m_Component:
  - 4: {fileID: 454998}
  - 212: {fileID: 21294764}
  - 61: {fileID: 6180720}
  m_Layer: 0
  m_Name: Finish
  m_TagString: Untagged
  m_Icon: {fileID: 0}
  m_NavMeshLayer: 0
  m_StaticEditorFlags: 0
  m_IsActive: 0
--- !u!1 &167168
GameObject:
  m_ObjectHideFlags: 0
  m_PrefabParentObject: {fileID: 0}
  m_PrefabInternal: {fileID: 100100000}
  serializedVersion: 4
  m_Component:
  - 4: {fileID: 498394}
  - 33: {fileID: 3311526}
  - 23: {fileID: 2378466}
  - 64: {fileID: 6420554}
  m_Layer: 8
  m_Name: ground
  m_TagString: Untagged
  m_Icon: {fileID: 0}
  m_NavMeshLayer: 0
  m_StaticEditorFlags: 0
  m_IsActive: 1
--- !u!1 &180978
GameObject:
  m_ObjectHideFlags: 0
  m_PrefabParentObject: {fileID: 0}
  m_PrefabInternal: {fileID: 100100000}
  serializedVersion: 4
  m_Component:
  - 4: {fileID: 402814}
  - 212: {fileID: 21224660}
  - 61: {fileID: 6189576}
  m_Layer: 0
  m_Name: Start
  m_TagString: Untagged
  m_Icon: {fileID: 0}
  m_NavMeshLayer: 0
  m_StaticEditorFlags: 0
  m_IsActive: 0
--- !u!1 &194592
GameObject:
  m_ObjectHideFlags: 0
  m_PrefabParentObject: {fileID: 0}
  m_PrefabInternal: {fileID: 100100000}
  serializedVersion: 4
  m_Component:
  - 4: {fileID: 493716}
  - 212: {fileID: 21275458}
  - 61: {fileID: 6152870}
  m_Layer: 0
  m_Name: Reset
  m_TagString: Untagged
  m_Icon: {fileID: 0}
  m_NavMeshLayer: 0
  m_StaticEditorFlags: 0
  m_IsActive: 0
--- !u!4 &402814
Transform:
  m_ObjectHideFlags: 1
  m_PrefabParentObject: {fileID: 0}
  m_PrefabInternal: {fileID: 100100000}
  m_GameObject: {fileID: 180978}
  m_LocalRotation: {x: 0, y: 0, z: 0, w: 1}
  m_LocalPosition: {x: -99.5, y: 0, z: 0}
  m_LocalScale: {x: 0.050000004, y: 200, z: 1}
  m_Children: []
  m_Father: {fileID: 498394}
  m_RootOrder: 1
--- !u!4 &454998
Transform:
  m_ObjectHideFlags: 1
  m_PrefabParentObject: {fileID: 0}
  m_PrefabInternal: {fileID: 100100000}
  m_GameObject: {fileID: 121584}
  m_LocalRotation: {x: 0, y: 0, z: 0, w: 1}
  m_LocalPosition: {x: 100, y: 0, z: 0}
  m_LocalScale: {x: 0.050000004, y: 200, z: 1}
  m_Children: []
  m_Father: {fileID: 498394}
  m_RootOrder: 2
--- !u!4 &457202
Transform:
  m_ObjectHideFlags: 1
  m_PrefabParentObject: {fileID: 0}
  m_PrefabInternal: {fileID: 100100000}
  m_GameObject: {fileID: 121072}
  m_LocalRotation: {x: 0, y: 0, z: 0, w: 1}
  m_LocalPosition: {x: 0, y: 51.2, z: -20}
  m_LocalScale: {x: 1, y: 1, z: 1}
  m_Children: []
  m_Father: {fileID: 498394}
  m_RootOrder: 0
--- !u!4 &493716
Transform:
  m_ObjectHideFlags: 1
  m_PrefabParentObject: {fileID: 0}
  m_PrefabInternal: {fileID: 100100000}
  m_GameObject: {fileID: 194592}
  m_LocalRotation: {x: 0, y: 0, z: 0, w: 1}
  m_LocalPosition: {x: -105, y: 0, z: 0}
  m_LocalScale: {x: 0.050000004, y: 200, z: 1}
  m_Children: []
  m_Father: {fileID: 498394}
  m_RootOrder: 3
--- !u!4 &498394
Transform:
  m_ObjectHideFlags: 1
  m_PrefabParentObject: {fileID: 0}
  m_PrefabInternal: {fileID: 100100000}
  m_GameObject: {fileID: 167168}
  m_LocalRotation: {x: 0, y: 0, z: 0, w: 1}
  m_LocalPosition: {x: 153.6, y: -42.4, z: 0}
  m_LocalScale: {x: 1.5, y: 1, z: 0.1}
  m_Children:
  - {fileID: 457202}
  - {fileID: 402814}
  - {fileID: 454998}
  - {fileID: 493716}
  m_Father: {fileID: 0}
  m_RootOrder: 0
--- !u!23 &2378466
MeshRenderer:
  m_ObjectHideFlags: 1
  m_PrefabParentObject: {fileID: 0}
  m_PrefabInternal: {fileID: 100100000}
  m_GameObject: {fileID: 167168}
  m_Enabled: 1
  m_CastShadows: 1
  m_ReceiveShadows: 1
  m_Materials:
  - {fileID: 2100000, guid: 11d8554a4c164445490dfec1fd404394, type: 2}
  m_SubsetIndices: 
  m_StaticBatchRoot: {fileID: 0}
  m_UseLightProbes: 1
  m_ReflectionProbeUsage: 1
  m_ProbeAnchor: {fileID: 0}
  m_ScaleInLightmap: 1
  m_PreserveUVs: 0
  m_IgnoreNormalsForChartDetection: 0
  m_ImportantGI: 0
  m_MinimumChartSize: 4
  m_AutoUVMaxDistance: 0.5
  m_AutoUVMaxAngle: 89
  m_LightmapParameters: {fileID: 0}
  m_SortingLayerID: 0
  m_SortingOrder: 0
--- !u!33 &3311526
MeshFilter:
  m_ObjectHideFlags: 1
  m_PrefabParentObject: {fileID: 0}
  m_PrefabInternal: {fileID: 100100000}
  m_GameObject: {fileID: 167168}
  m_Mesh: {fileID: 4300004, guid: 1af8039d257c94a089f35ab8e9c08816, type: 3}
--- !u!60 &6091816
PolygonCollider2D:
  m_ObjectHideFlags: 1
  m_PrefabParentObject: {fileID: 0}
  m_PrefabInternal: {fileID: 100100000}
  m_GameObject: {fileID: 121072}
  m_Enabled: 1
  m_Density: 1
  m_Material: {fileID: 6200000, guid: 5b87053ffba0145e29ddd6ec3158faad, type: 2}
  m_IsTrigger: 0
  m_UsedByEffector: 0
  m_Offset: {x: 0, y: 0}
  m_Points:
    m_Paths:
    - - {x: 91.08801, y: -12.335957}
      - {x: 88.695885, y: -12.443832}
      - {x: 86.01986, y: -12.643833}
      - {x: 83.03735, y: -13.07756}
      - {x: 80.6743, y: -13.830315}
      - {x: 77.0079, y: -15.197769}
      - {x: 72.043846, y: -16.97979}
      - {x: 68.08391, y: -17.853935}
      - {x: 66.75994, y: -18.089893}
      - {x: 64.1, y: -18.2}
      - {x: 62.088013, y: -17.889896}
      - {x: 59.39212, y: -17.015747}
      - {x: 57.8161, y: -15.843834}
      - {x: 56.85958, y: -14.859581}
      - {x: 54.516094, y: -11.843834}
      - {x: 52.744183, y: -8.889896}
      - {x: 48.520508, y: -1.7685547}
      - {x: 46.568157, y: 1.2763748}
      - {x: 44.79589, y: 3.7583961}
      - {x: 42.24864, y: 6.549473}
      - {x: 41.55993, y: 6.9561653}
      - {x: 38.911987, y: 8.256168}
      - {x: 37.072968, y: 8.356167}
      - {x: 35.75593, y: 8.305096}
      - {x: 33.923626, y: 8.092129}
      - {x: 31.447948, y: 7.4795647}
      - {x: 29.347942, y: 6.856167}
      - {x: 26.559582, y: 5.7280846}
      - {x: 23.64383, y: 4.4921227}
      - {x: 19.319866, y: 2.2842522}
      - {x: 15.64384, y: 0.30223083}
      - {x: 12.0277405, y: -1.6438332}
      - {x: 9.227733, y: -3.1258545}
      - {x: 6.2034407, y: -4.3258553}
      - {x: 3.6157532, y: -4.6258545}
      - {x: 0.4239807, y: -4.8359566}
      - {x: -4.628093, y: -5.1157494}
      - {x: -7.4280806, y: -5.279789}
      - {x: -13.020213, y: -6.2618103}
      - {x: -16.392132, y: -7.197769}
      - {x: -20.564041, y: -7.843834}
      - {x: -23.162374, y: -7.89777}
      - {x: -26.40411, y: -7.6797905}
      - {x: -30.824326, y: -7.2977676}
      - {x: -34.164043, y: -7.2438316}
      - {x: -35.94007, y: -7.4078712}
      - {x: -39.336838, y: -8.307747}
      - {x: -44.8, y: -10}
      - {x: -49.06404, y: -11.243835}
      - {x: -54.676025, y: -12.297771}
      - {x: -57.888023, y: -12.371914}
      - {x: -60.592373, y: -12.08609}
      - {x: -63.715263, y: -11.407604}
      - {x: -69.78978, y: -9.553352}
      - {x: -73.06087, y: -8.804646}
      - {x: -75.389786, y: -8.515221}
      - {x: -87.21199, y: -8.371914}
      - {x: -102.4, y: -8.2}
      - {x: -102.4, y: -51.2}
      - {x: 102.4, y: -51.2}
      - {x: 102.41689, y: -12.401394}
--- !u!61 &6152870
BoxCollider2D:
  m_ObjectHideFlags: 1
  m_PrefabParentObject: {fileID: 0}
  m_PrefabInternal: {fileID: 100100000}
  m_GameObject: {fileID: 194592}
  m_Enabled: 1
  m_Density: 1
  m_Material: {fileID: 0}
  m_IsTrigger: 1
  m_UsedByEffector: 0
  m_Offset: {x: 1.25, y: 0.31250402}
  serializedVersion: 2
  m_Size: {x: 2.5, y: 0.6250003}
--- !u!61 &6180720
BoxCollider2D:
  m_ObjectHideFlags: 1
  m_PrefabParentObject: {fileID: 0}
  m_PrefabInternal: {fileID: 100100000}
  m_GameObject: {fileID: 121584}
  m_Enabled: 1
  m_Density: 1
  m_Material: {fileID: 0}
  m_IsTrigger: 1
  m_UsedByEffector: 0
  m_Offset: {x: 1.25, y: 0.3125035}
  serializedVersion: 2
  m_Size: {x: 2.5, y: 0.6250003}
--- !u!61 &6189576
BoxCollider2D:
  m_ObjectHideFlags: 1
  m_PrefabParentObject: {fileID: 0}
  m_PrefabInternal: {fileID: 100100000}
  m_GameObject: {fileID: 180978}
  m_Enabled: 1
  m_Density: 1
  m_Material: {fileID: 0}
  m_IsTrigger: 1
  m_UsedByEffector: 0
  m_Offset: {x: 1.25, y: 0.31250402}
  serializedVersion: 2
  m_Size: {x: 2.5, y: 0.6250003}
--- !u!64 &6420554
MeshCollider:
  m_ObjectHideFlags: 1
  m_PrefabParentObject: {fileID: 0}
  m_PrefabInternal: {fileID: 100100000}
  m_GameObject: {fileID: 167168}
  m_Material: {fileID: 0}
  m_IsTrigger: 0
  m_Enabled: 1
  serializedVersion: 2
  m_Convex: 0
  m_Mesh: {fileID: 4300004, guid: 1af8039d257c94a089f35ab8e9c08816, type: 3}
--- !u!212 &21224660
SpriteRenderer:
  m_ObjectHideFlags: 1
  m_PrefabParentObject: {fileID: 0}
  m_PrefabInternal: {fileID: 100100000}
  m_GameObject: {fileID: 180978}
  m_Enabled: 1
  m_CastShadows: 0
  m_ReceiveShadows: 0
  m_Materials:
  - {fileID: 10754, guid: 0000000000000000e000000000000000, type: 0}
  m_SubsetIndices: 
  m_StaticBatchRoot: {fileID: 0}
  m_UseLightProbes: 0
  m_ReflectionProbeUsage: 0
  m_ProbeAnchor: {fileID: 0}
  m_ScaleInLightmap: 1
  m_PreserveUVs: 0
  m_IgnoreNormalsForChartDetection: 0
  m_ImportantGI: 0
  m_MinimumChartSize: 4
  m_AutoUVMaxDistance: 0.5
  m_AutoUVMaxAngle: 89
  m_LightmapParameters: {fileID: 0}
  m_SortingLayerID: 0
  m_SortingOrder: 1
  m_Sprite: {fileID: 21300000, guid: d90a8faf6fb9540b084ef2825cc3a5dc, type: 3}
  m_Color: {r: 0, g: 1, b: 0, a: 0.5019608}
  m_FlipX: 0
  m_FlipY: 0
--- !u!212 &21231904
SpriteRenderer:
  m_ObjectHideFlags: 1
  m_PrefabParentObject: {fileID: 0}
  m_PrefabInternal: {fileID: 100100000}
  m_GameObject: {fileID: 121072}
  m_Enabled: 1
  m_CastShadows: 0
  m_ReceiveShadows: 0
  m_Materials:
  - {fileID: 10754, guid: 0000000000000000e000000000000000, type: 0}
  m_SubsetIndices: 
  m_StaticBatchRoot: {fileID: 0}
  m_UseLightProbes: 0
  m_ReflectionProbeUsage: 0
  m_ProbeAnchor: {fileID: 0}
  m_ScaleInLightmap: 1
  m_PreserveUVs: 0
  m_IgnoreNormalsForChartDetection: 0
  m_ImportantGI: 0
  m_MinimumChartSize: 4
  m_AutoUVMaxDistance: 0.5
  m_AutoUVMaxAngle: 89
  m_LightmapParameters: {fileID: 0}
  m_SortingLayerID: 0
  m_SortingOrder: 0
  m_Sprite: {fileID: 21300000, guid: cc803a2c767ee4b16b5549be9ba09951, type: 3}
  m_Color: {r: 1, g: 1, b: 1, a: 1}
  m_FlipX: 0
  m_FlipY: 0
--- !u!212 &21275458
SpriteRenderer:
  m_ObjectHideFlags: 1
  m_PrefabParentObject: {fileID: 0}
  m_PrefabInternal: {fileID: 100100000}
  m_GameObject: {fileID: 194592}
  m_Enabled: 0
  m_CastShadows: 0
  m_ReceiveShadows: 0
  m_Materials:
  - {fileID: 10754, guid: 0000000000000000e000000000000000, type: 0}
  m_SubsetIndices: 
  m_StaticBatchRoot: {fileID: 0}
  m_UseLightProbes: 0
  m_ReflectionProbeUsage: 0
  m_ProbeAnchor: {fileID: 0}
  m_ScaleInLightmap: 1
  m_PreserveUVs: 0
  m_IgnoreNormalsForChartDetection: 0
  m_ImportantGI: 0
  m_MinimumChartSize: 4
  m_AutoUVMaxDistance: 0.5
  m_AutoUVMaxAngle: 89
  m_LightmapParameters: {fileID: 0}
  m_SortingLayerID: 0
  m_SortingOrder: 1
  m_Sprite: {fileID: 21300000, guid: d90a8faf6fb9540b084ef2825cc3a5dc, type: 3}
  m_Color: {r: 0, g: 1, b: 0, a: 0.5019608}
  m_FlipX: 0
  m_FlipY: 0
--- !u!212 &21294764
SpriteRenderer:
  m_ObjectHideFlags: 1
  m_PrefabParentObject: {fileID: 0}
  m_PrefabInternal: {fileID: 100100000}
  m_GameObject: {fileID: 121584}
  m_Enabled: 1
  m_CastShadows: 0
  m_ReceiveShadows: 0
  m_Materials:
  - {fileID: 10754, guid: 0000000000000000e000000000000000, type: 0}
  m_SubsetIndices: 
  m_StaticBatchRoot: {fileID: 0}
  m_UseLightProbes: 0
  m_ReflectionProbeUsage: 0
  m_ProbeAnchor: {fileID: 0}
  m_ScaleInLightmap: 1
  m_PreserveUVs: 0
  m_IgnoreNormalsForChartDetection: 0
  m_ImportantGI: 0
  m_MinimumChartSize: 4
  m_AutoUVMaxDistance: 0.5
  m_AutoUVMaxAngle: 89
  m_LightmapParameters: {fileID: 0}
  m_SortingLayerID: 0
  m_SortingOrder: 1
  m_Sprite: {fileID: 21300000, guid: d90a8faf6fb9540b084ef2825cc3a5dc, type: 3}
  m_Color: {r: 1, g: 0, b: 0, a: 0.5019608}
  m_FlipX: 0
  m_FlipY: 0
--- !u!1001 &100100000
Prefab:
  m_ObjectHideFlags: 1
  serializedVersion: 2
  m_Modification:
    m_TransformParent: {fileID: 0}
    m_Modifications:
    - target: {fileID: 0}
      propertyPath: m_LocalScale.x
      value: 1.5
      objectReference: {fileID: 0}
    - target: {fileID: 0}
      propertyPath: m_LocalPosition.x
      value: -90
      objectReference: {fileID: 0}
    - target: {fileID: 0}
      propertyPath: m_IsTrigger
      value: 1
      objectReference: {fileID: 0}
    - target: {fileID: 0}
      propertyPath: m_LocalScale.y
      value: 100
      objectReference: {fileID: 0}
    - target: {fileID: 0}
      propertyPath: m_IsActive
      value: 0
      objectReference: {fileID: 0}
    - target: {fileID: 0}
      propertyPath: m_Material
      value: 
      objectReference: {fileID: 6200000, guid: 5b87053ffba0145e29ddd6ec3158faad, type: 2}
    - target: {fileID: 0}
      propertyPath: m_Layer
      value: 8
      objectReference: {fileID: 0}
    m_RemovedComponents: []
  m_ParentPrefab: {fileID: 0}
  m_RootGameObject: {fileID: 167168}
  m_IsPrefabParent: 1
