%YAML 1.1
%TAG !u! tag:unity3d.com,2011:
--- !u!1 &101064
GameObject:
  m_ObjectHideFlags: 1
  m_PrefabParentObject: {fileID: 0}
  m_PrefabInternal: {fileID: 100100000}
  serializedVersion: 4
  m_Component:
  - 4: {fileID: 452500}
  - 33: {fileID: 3338010}
  - 23: {fileID: 2308132}
  m_Layer: 0
  m_Name: House_C_1
  m_TagString: Untagged
  m_Icon: {fileID: 0}
  m_NavMeshLayer: 0
  m_StaticEditorFlags: 0
  m_IsActive: 1
--- !u!1 &103004
GameObject:
  m_ObjectHideFlags: 1
  m_PrefabParentObject: {fileID: 0}
  m_PrefabInternal: {fileID: 100100000}
  serializedVersion: 4
  m_Component:
  - 4: {fileID: 492912}
  - 33: {fileID: 3387164}
  - 23: {fileID: 2398894}
  m_Layer: 0
  m_Name: Loop
  m_TagString: Untagged
  m_Icon: {fileID: 0}
  m_NavMeshLayer: 0
  m_StaticEditorFlags: 0
  m_IsActive: 1
--- !u!1 &105358
GameObject:
  m_ObjectHideFlags: 1
  m_PrefabParentObject: {fileID: 0}
  m_PrefabInternal: {fileID: 100100000}
  serializedVersion: 4
  m_Component:
  - 4: {fileID: 441552}
  - 33: {fileID: 3392778}
  - 23: {fileID: 2304720}
  m_Layer: 0
  m_Name: Loop
  m_TagString: Untagged
  m_Icon: {fileID: 0}
  m_NavMeshLayer: 0
  m_StaticEditorFlags: 0
  m_IsActive: 1
--- !u!1 &105458
GameObject:
  m_ObjectHideFlags: 1
  m_PrefabParentObject: {fileID: 0}
  m_PrefabInternal: {fileID: 100100000}
  serializedVersion: 4
  m_Component:
  - 4: {fileID: 408164}
  - 33: {fileID: 3341668}
  - 23: {fileID: 2311916}
  m_Layer: 0
  m_Name: House_a_3
  m_TagString: Untagged
  m_Icon: {fileID: 0}
  m_NavMeshLayer: 0
  m_StaticEditorFlags: 0
  m_IsActive: 1
--- !u!1 &108708
GameObject:
  m_ObjectHideFlags: 0
  m_PrefabParentObject: {fileID: 0}
  m_PrefabInternal: {fileID: 100100000}
  serializedVersion: 4
  m_Component:
  - 4: {fileID: 417468}
  - 33: {fileID: 3386306}
  - 23: {fileID: 2342214}
  - 61: {fileID: 6185426}
  m_Layer: 8
  m_Name: Cube
  m_TagString: Untagged
  m_Icon: {fileID: 0}
  m_NavMeshLayer: 0
  m_StaticEditorFlags: 0
  m_IsActive: 1
--- !u!1 &109336
GameObject:
  m_ObjectHideFlags: 1
  m_PrefabParentObject: {fileID: 0}
  m_PrefabInternal: {fileID: 100100000}
  serializedVersion: 4
  m_Component:
  - 4: {fileID: 425002}
  - 33: {fileID: 3360738}
  - 23: {fileID: 2340812}
  m_Layer: 0
  m_Name: House_b_3
  m_TagString: Untagged
  m_Icon: {fileID: 0}
  m_NavMeshLayer: 0
  m_StaticEditorFlags: 0
  m_IsActive: 1
--- !u!1 &109938
GameObject:
  m_ObjectHideFlags: 1
  m_PrefabParentObject: {fileID: 0}
  m_PrefabInternal: {fileID: 100100000}
  serializedVersion: 4
  m_Component:
  - 4: {fileID: 493340}
  - 33: {fileID: 3327302}
  - 23: {fileID: 2337876}
  - 61: {fileID: 6198718}
  m_Layer: 8
  m_Name: Accelerator (1)
  m_TagString: Untagged
  m_Icon: {fileID: 0}
  m_NavMeshLayer: 0
  m_StaticEditorFlags: 0
  m_IsActive: 1
--- !u!1 &113894
GameObject:
  m_ObjectHideFlags: 1
  m_PrefabParentObject: {fileID: 0}
  m_PrefabInternal: {fileID: 100100000}
  serializedVersion: 4
  m_Component:
  - 4: {fileID: 493342}
  - 68: {fileID: 6855294}
  m_Layer: 0
  m_Name: Right
  m_TagString: Untagged
  m_Icon: {fileID: 0}
  m_NavMeshLayer: 0
  m_StaticEditorFlags: 0
  m_IsActive: 1
--- !u!1 &114844
GameObject:
  m_ObjectHideFlags: 0
  m_PrefabParentObject: {fileID: 0}
  m_PrefabInternal: {fileID: 100100000}
  serializedVersion: 4
  m_Component:
  - 4: {fileID: 477706}
  - 212: {fileID: 21242442}
  - 60: {fileID: 6041048}
  - 61: {fileID: 6182844}
  m_Layer: 8
  m_Name: track_blocky
  m_TagString: Untagged
  m_Icon: {fileID: 0}
  m_NavMeshLayer: 0
  m_StaticEditorFlags: 0
  m_IsActive: 1
--- !u!1 &115186
GameObject:
  m_ObjectHideFlags: 1
  m_PrefabParentObject: {fileID: 0}
  m_PrefabInternal: {fileID: 100100000}
  serializedVersion: 4
  m_Component:
  - 4: {fileID: 450306}
  m_Layer: 0
  m_Name: Center
  m_TagString: Untagged
  m_Icon: {fileID: 0}
  m_NavMeshLayer: 0
  m_StaticEditorFlags: 0
  m_IsActive: 1
--- !u!1 &118730
GameObject:
  m_ObjectHideFlags: 1
  m_PrefabParentObject: {fileID: 0}
  m_PrefabInternal: {fileID: 100100000}
  serializedVersion: 4
  m_Component:
  - 4: {fileID: 420718}
  - 68: {fileID: 6827536}
  m_Layer: 0
  m_Name: Left
  m_TagString: Untagged
  m_Icon: {fileID: 0}
  m_NavMeshLayer: 0
  m_StaticEditorFlags: 0
  m_IsActive: 1
--- !u!1 &118896
GameObject:
  m_ObjectHideFlags: 1
  m_PrefabParentObject: {fileID: 0}
  m_PrefabInternal: {fileID: 100100000}
  serializedVersion: 4
  m_Component:
  - 4: {fileID: 498500}
  - 114: {fileID: 11492594}
  - 50: {fileID: 5086466}
  - 58: {fileID: 5826580}
  m_Layer: 0
  m_Name: Roller Coaster (1)
  m_TagString: Untagged
  m_Icon: {fileID: 0}
  m_NavMeshLayer: 0
  m_StaticEditorFlags: 0
  m_IsActive: 1
--- !u!1 &122588
GameObject:
  m_ObjectHideFlags: 1
  m_PrefabParentObject: {fileID: 0}
  m_PrefabInternal: {fileID: 100100000}
  serializedVersion: 4
  m_Component:
  - 4: {fileID: 423378}
  - 61: {fileID: 6176100}
  m_Layer: 8
  m_Name: Laver
  m_TagString: Untagged
  m_Icon: {fileID: 0}
  m_NavMeshLayer: 0
  m_StaticEditorFlags: 0
  m_IsActive: 1
--- !u!1 &129548
GameObject:
  m_ObjectHideFlags: 1
  m_PrefabParentObject: {fileID: 0}
  m_PrefabInternal: {fileID: 100100000}
  serializedVersion: 4
  m_Component:
  - 4: {fileID: 435300}
  - 114: {fileID: 11463966}
  - 50: {fileID: 5062348}
  - 58: {fileID: 5840592}
  m_Layer: 0
  m_Name: Roller Coaster
  m_TagString: Untagged
  m_Icon: {fileID: 0}
  m_NavMeshLayer: 0
  m_StaticEditorFlags: 0
  m_IsActive: 1
--- !u!1 &132958
GameObject:
  m_ObjectHideFlags: 1
  m_PrefabParentObject: {fileID: 0}
  m_PrefabInternal: {fileID: 100100000}
  serializedVersion: 4
  m_Component:
  - 4: {fileID: 459226}
  - 68: {fileID: 6885088}
  m_Layer: 0
  m_Name: Right
  m_TagString: Untagged
  m_Icon: {fileID: 0}
  m_NavMeshLayer: 0
  m_StaticEditorFlags: 0
  m_IsActive: 1
--- !u!1 &133016
GameObject:
  m_ObjectHideFlags: 1
  m_PrefabParentObject: {fileID: 0}
  m_PrefabInternal: {fileID: 100100000}
  serializedVersion: 4
  m_Component:
  - 4: {fileID: 416942}
  - 33: {fileID: 3301052}
  - 23: {fileID: 2398864}
  m_Layer: 0
  m_Name: House_a_1
  m_TagString: Untagged
  m_Icon: {fileID: 0}
  m_NavMeshLayer: 0
  m_StaticEditorFlags: 0
  m_IsActive: 1
--- !u!1 &133562
GameObject:
  m_ObjectHideFlags: 0
  m_PrefabParentObject: {fileID: 0}
  m_PrefabInternal: {fileID: 100100000}
  serializedVersion: 4
  m_Component:
  - 4: {fileID: 442560}
  m_Layer: 8
  m_Name: Accelerators
  m_TagString: Untagged
  m_Icon: {fileID: 0}
  m_NavMeshLayer: 0
  m_StaticEditorFlags: 0
  m_IsActive: 0
--- !u!1 &135636
GameObject:
  m_ObjectHideFlags: 0
  m_PrefabParentObject: {fileID: 0}
  m_PrefabInternal: {fileID: 100100000}
  serializedVersion: 4
  m_Component:
  - 4: {fileID: 428642}
  - 33: {fileID: 3324122}
  - 23: {fileID: 2332226}
  - 95: {fileID: 9571640}
  m_Layer: 0
  m_Name: city
  m_TagString: Untagged
  m_Icon: {fileID: 0}
  m_NavMeshLayer: 0
  m_StaticEditorFlags: 0
  m_IsActive: 1
--- !u!1 &136596
GameObject:
  m_ObjectHideFlags: 1
  m_PrefabParentObject: {fileID: 0}
  m_PrefabInternal: {fileID: 100100000}
  serializedVersion: 4
  m_Component:
  - 4: {fileID: 493642}
  - 68: {fileID: 6834720}
  m_Layer: 0
  m_Name: Right
  m_TagString: Untagged
  m_Icon: {fileID: 0}
  m_NavMeshLayer: 0
  m_StaticEditorFlags: 0
  m_IsActive: 1
--- !u!1 &141872
GameObject:
  m_ObjectHideFlags: 1
  m_PrefabParentObject: {fileID: 0}
  m_PrefabInternal: {fileID: 100100000}
  serializedVersion: 4
  m_Component:
  - 4: {fileID: 484438}
  - 33: {fileID: 3367272}
  - 23: {fileID: 2319140}
  - 61: {fileID: 6123618}
  m_Layer: 8
  m_Name: Accelerator (2)
  m_TagString: Untagged
  m_Icon: {fileID: 0}
  m_NavMeshLayer: 0
  m_StaticEditorFlags: 0
  m_IsActive: 1
--- !u!1 &147488
GameObject:
  m_ObjectHideFlags: 1
  m_PrefabParentObject: {fileID: 0}
  m_PrefabInternal: {fileID: 100100000}
  serializedVersion: 4
  m_Component:
  - 4: {fileID: 430898}
  - 33: {fileID: 3371036}
  - 23: {fileID: 2304192}
  m_Layer: 0
  m_Name: landscape
  m_TagString: Untagged
  m_Icon: {fileID: 0}
  m_NavMeshLayer: 0
  m_StaticEditorFlags: 0
  m_IsActive: 0
--- !u!1 &147976
GameObject:
  m_ObjectHideFlags: 1
  m_PrefabParentObject: {fileID: 0}
  m_PrefabInternal: {fileID: 100100000}
  serializedVersion: 4
  m_Component:
  - 4: {fileID: 434708}
  - 114: {fileID: 11435026}
  - 50: {fileID: 5019036}
  - 58: {fileID: 5822368}
  m_Layer: 0
  m_Name: Roller Coaster (2)
  m_TagString: Untagged
  m_Icon: {fileID: 0}
  m_NavMeshLayer: 0
  m_StaticEditorFlags: 0
  m_IsActive: 1
--- !u!1 &155208
GameObject:
  m_ObjectHideFlags: 1
  m_PrefabParentObject: {fileID: 0}
  m_PrefabInternal: {fileID: 100100000}
  serializedVersion: 4
  m_Component:
  - 4: {fileID: 453142}
  - 33: {fileID: 3393568}
  - 23: {fileID: 2392760}
  m_Layer: 0
  m_Name: Loop
  m_TagString: Untagged
  m_Icon: {fileID: 0}
  m_NavMeshLayer: 0
  m_StaticEditorFlags: 0
  m_IsActive: 1
--- !u!1 &155844
GameObject:
  m_ObjectHideFlags: 1
  m_PrefabParentObject: {fileID: 0}
  m_PrefabInternal: {fileID: 100100000}
  serializedVersion: 4
  m_Component:
  - 4: {fileID: 424512}
  - 33: {fileID: 3380112}
  - 23: {fileID: 2357692}
  m_Layer: 0
  m_Name: House_C_3
  m_TagString: Untagged
  m_Icon: {fileID: 0}
  m_NavMeshLayer: 0
  m_StaticEditorFlags: 0
  m_IsActive: 1
--- !u!1 &157554
GameObject:
  m_ObjectHideFlags: 0
  m_PrefabParentObject: {fileID: 0}
  m_PrefabInternal: {fileID: 100100000}
  serializedVersion: 4
  m_Component:
  - 4: {fileID: 418768}
  m_Layer: 8
  m_Name: Roller Coasters
  m_TagString: Untagged
  m_Icon: {fileID: 0}
  m_NavMeshLayer: 0
  m_StaticEditorFlags: 0
  m_IsActive: 0
--- !u!1 &159948
GameObject:
  m_ObjectHideFlags: 1
  m_PrefabParentObject: {fileID: 0}
  m_PrefabInternal: {fileID: 100100000}
  serializedVersion: 4
  m_Component:
  - 4: {fileID: 438320}
  - 68: {fileID: 6873948}
  m_Layer: 0
  m_Name: Left
  m_TagString: Untagged
  m_Icon: {fileID: 0}
  m_NavMeshLayer: 0
  m_StaticEditorFlags: 0
  m_IsActive: 1
--- !u!1 &160736
GameObject:
  m_ObjectHideFlags: 0
  m_PrefabParentObject: {fileID: 0}
  m_PrefabInternal: {fileID: 100100000}
  serializedVersion: 4
  m_Component:
  - 4: {fileID: 463606}
  - 114: {fileID: 11431236}
  m_Layer: 8
  m_Name: Ground_01b_Flat
  m_TagString: Untagged
  m_Icon: {fileID: 0}
  m_NavMeshLayer: 0
  m_StaticEditorFlags: 0
  m_IsActive: 1
--- !u!1 &162532
GameObject:
  m_ObjectHideFlags: 1
  m_PrefabParentObject: {fileID: 0}
  m_PrefabInternal: {fileID: 100100000}
  serializedVersion: 4
  m_Component:
  - 4: {fileID: 414420}
  - 33: {fileID: 3300440}
  - 23: {fileID: 2349502}
  m_Layer: 0
  m_Name: House_b_2
  m_TagString: Untagged
  m_Icon: {fileID: 0}
  m_NavMeshLayer: 0
  m_StaticEditorFlags: 0
  m_IsActive: 1
--- !u!1 &163108
GameObject:
  m_ObjectHideFlags: 1
  m_PrefabParentObject: {fileID: 0}
  m_PrefabInternal: {fileID: 100100000}
  serializedVersion: 4
  m_Component:
  - 4: {fileID: 440978}
  m_Layer: 0
  m_Name: Center
  m_TagString: Untagged
  m_Icon: {fileID: 0}
  m_NavMeshLayer: 0
  m_StaticEditorFlags: 0
  m_IsActive: 1
--- !u!1 &164710
GameObject:
  m_ObjectHideFlags: 0
  m_PrefabParentObject: {fileID: 0}
  m_PrefabInternal: {fileID: 100100000}
  serializedVersion: 4
  m_Component:
  - 4: {fileID: 451564}
  - 33: {fileID: 3303816}
  - 23: {fileID: 2347260}
  - 64: {fileID: 6400358}
  m_Layer: 0
  m_Name: Road
  m_TagString: Untagged
  m_Icon: {fileID: 0}
  m_NavMeshLayer: 0
  m_StaticEditorFlags: 0
  m_IsActive: 1
--- !u!1 &165254
GameObject:
  m_ObjectHideFlags: 1
  m_PrefabParentObject: {fileID: 0}
  m_PrefabInternal: {fileID: 100100000}
  serializedVersion: 4
  m_Component:
  - 4: {fileID: 449760}
  - 33: {fileID: 3396198}
  - 23: {fileID: 2311486}
  m_Layer: 0
  m_Name: House_b_1
  m_TagString: Untagged
  m_Icon: {fileID: 0}
  m_NavMeshLayer: 0
  m_StaticEditorFlags: 0
  m_IsActive: 1
--- !u!1 &170746
GameObject:
  m_ObjectHideFlags: 0
  m_PrefabParentObject: {fileID: 0}
  m_PrefabInternal: {fileID: 100100000}
  serializedVersion: 4
  m_Component:
  - 4: {fileID: 477052}
  - 33: {fileID: 3390530}
  - 65: {fileID: 6566916}
  - 23: {fileID: 2386302}
  m_Layer: 8
  m_Name: Laver
  m_TagString: Untagged
  m_Icon: {fileID: 0}
  m_NavMeshLayer: 0
  m_StaticEditorFlags: 0
  m_IsActive: 1
--- !u!1 &170846
GameObject:
  m_ObjectHideFlags: 1
  m_PrefabParentObject: {fileID: 0}
  m_PrefabInternal: {fileID: 100100000}
  serializedVersion: 4
  m_Component:
  - 4: {fileID: 460934}
  - 61: {fileID: 6139370}
  m_Layer: 0
  m_Name: Trigger
  m_TagString: Untagged
  m_Icon: {fileID: 0}
  m_NavMeshLayer: 0
  m_StaticEditorFlags: 0
  m_IsActive: 1
--- !u!1 &171554
GameObject:
  m_ObjectHideFlags: 1
  m_PrefabParentObject: {fileID: 0}
  m_PrefabInternal: {fileID: 100100000}
  serializedVersion: 4
  m_Component:
  - 4: {fileID: 402178}
  - 95: {fileID: 9594450}
  m_Layer: 0
  m_Name: city_2
  m_TagString: Untagged
  m_Icon: {fileID: 0}
  m_NavMeshLayer: 0
  m_StaticEditorFlags: 0
  m_IsActive: 1
--- !u!1 &174802
GameObject:
  m_ObjectHideFlags: 1
  m_PrefabParentObject: {fileID: 0}
  m_PrefabInternal: {fileID: 100100000}
  serializedVersion: 4
  m_Component:
  - 4: {fileID: 440922}
  - 61: {fileID: 6177938}
  m_Layer: 0
  m_Name: Trigger
  m_TagString: Untagged
  m_Icon: {fileID: 0}
  m_NavMeshLayer: 0
  m_StaticEditorFlags: 0
  m_IsActive: 1
--- !u!1 &179410
GameObject:
  m_ObjectHideFlags: 1
  m_PrefabParentObject: {fileID: 0}
  m_PrefabInternal: {fileID: 100100000}
  serializedVersion: 4
  m_Component:
  - 4: {fileID: 495586}
  - 61: {fileID: 6198936}
  m_Layer: 0
  m_Name: Trigger
  m_TagString: Untagged
  m_Icon: {fileID: 0}
  m_NavMeshLayer: 0
  m_StaticEditorFlags: 0
  m_IsActive: 1
--- !u!1 &179788
GameObject:
  m_ObjectHideFlags: 1
  m_PrefabParentObject: {fileID: 0}
  m_PrefabInternal: {fileID: 100100000}
  serializedVersion: 4
  m_Component:
  - 4: {fileID: 423258}
  - 33: {fileID: 3369718}
  - 23: {fileID: 2393236}
  m_Layer: 0
  m_Name: House_C_2
  m_TagString: Untagged
  m_Icon: {fileID: 0}
  m_NavMeshLayer: 0
  m_StaticEditorFlags: 0
  m_IsActive: 1
--- !u!1 &188688
GameObject:
  m_ObjectHideFlags: 1
  m_PrefabParentObject: {fileID: 0}
  m_PrefabInternal: {fileID: 100100000}
  serializedVersion: 4
  m_Component:
  - 4: {fileID: 430168}
  - 68: {fileID: 6876340}
  m_Layer: 0
  m_Name: Left
  m_TagString: Untagged
  m_Icon: {fileID: 0}
  m_NavMeshLayer: 0
  m_StaticEditorFlags: 0
  m_IsActive: 1
--- !u!1 &189092
GameObject:
  m_ObjectHideFlags: 1
  m_PrefabParentObject: {fileID: 0}
  m_PrefabInternal: {fileID: 100100000}
  serializedVersion: 4
  m_Component:
  - 4: {fileID: 416336}
  m_Layer: 0
  m_Name: Center
  m_TagString: Untagged
  m_Icon: {fileID: 0}
  m_NavMeshLayer: 0
  m_StaticEditorFlags: 0
  m_IsActive: 1
--- !u!1 &192114
GameObject:
  m_ObjectHideFlags: 1
  m_PrefabParentObject: {fileID: 0}
  m_PrefabInternal: {fileID: 100100000}
  serializedVersion: 4
  m_Component:
  - 4: {fileID: 476826}
  - 33: {fileID: 3392412}
  - 23: {fileID: 2356334}
  m_Layer: 0
  m_Name: Base
  m_TagString: Untagged
  m_Icon: {fileID: 0}
  m_NavMeshLayer: 0
  m_StaticEditorFlags: 0
  m_IsActive: 1
--- !u!1 &192776
GameObject:
  m_ObjectHideFlags: 0
  m_PrefabParentObject: {fileID: 0}
  m_PrefabInternal: {fileID: 100100000}
  serializedVersion: 4
  m_Component:
  - 4: {fileID: 406036}
  m_Layer: 8
  m_Name: Foreground
  m_TagString: Untagged
  m_Icon: {fileID: 0}
  m_NavMeshLayer: 0
  m_StaticEditorFlags: 0
  m_IsActive: 1
--- !u!1 &195012
GameObject:
  m_ObjectHideFlags: 1
  m_PrefabParentObject: {fileID: 0}
  m_PrefabInternal: {fileID: 100100000}
  serializedVersion: 4
  m_Component:
  - 4: {fileID: 437110}
  - 33: {fileID: 3364918}
  - 23: {fileID: 2302636}
  - 61: {fileID: 6199794}
  m_Layer: 8
  m_Name: Accelerator (3)
  m_TagString: Untagged
  m_Icon: {fileID: 0}
  m_NavMeshLayer: 0
  m_StaticEditorFlags: 0
  m_IsActive: 1
--- !u!1 &197514
GameObject:
  m_ObjectHideFlags: 1
  m_PrefabParentObject: {fileID: 0}
  m_PrefabInternal: {fileID: 100100000}
  serializedVersion: 4
  m_Component:
  - 4: {fileID: 463172}
  - 33: {fileID: 3360012}
  - 23: {fileID: 2324724}
  m_Layer: 0
  m_Name: House_a_2
  m_TagString: Untagged
  m_Icon: {fileID: 0}
  m_NavMeshLayer: 0
  m_StaticEditorFlags: 0
  m_IsActive: 1
--- !u!1 &198796
GameObject:
  m_ObjectHideFlags: 1
  m_PrefabParentObject: {fileID: 0}
  m_PrefabInternal: {fileID: 100100000}
  serializedVersion: 4
  m_Component:
  - 4: {fileID: 438240}
  - 33: {fileID: 3308208}
  - 23: {fileID: 2385584}
  - 61: {fileID: 6183582}
  m_Layer: 8
  m_Name: Accelerator
  m_TagString: Untagged
  m_Icon: {fileID: 0}
  m_NavMeshLayer: 0
  m_StaticEditorFlags: 0
  m_IsActive: 1
--- !u!1 &199780
GameObject:
  m_ObjectHideFlags: 0
  m_PrefabParentObject: {fileID: 0}
  m_PrefabInternal: {fileID: 100100000}
  serializedVersion: 4
  m_Component:
  - 4: {fileID: 496710}
  - 33: {fileID: 3346926}
  - 23: {fileID: 2372834}
  - 65: {fileID: 6574974}
  m_Layer: 0
  m_Name: Cube (1)
  m_TagString: Untagged
  m_Icon: {fileID: 0}
  m_NavMeshLayer: 0
  m_StaticEditorFlags: 0
  m_IsActive: 1
--- !u!4 &402178
Transform:
  m_ObjectHideFlags: 1
  m_PrefabParentObject: {fileID: 0}
  m_PrefabInternal: {fileID: 100100000}
  m_GameObject: {fileID: 171554}
  m_LocalRotation: {x: 0.000000021855694, y: -0, z: -0, w: 1}
  m_LocalPosition: {x: 0, y: 0, z: 0}
  m_LocalScale: {x: 1, y: 1, z: 1}
  m_Children:
  - {fileID: 476826}
  - {fileID: 416942}
  - {fileID: 463172}
  - {fileID: 408164}
  - {fileID: 449760}
  - {fileID: 414420}
  - {fileID: 425002}
  - {fileID: 452500}
  - {fileID: 423258}
  - {fileID: 424512}
  - {fileID: 430898}
  m_Father: {fileID: 406036}
  m_RootOrder: 0
--- !u!4 &406036
Transform:
  m_ObjectHideFlags: 1
  m_PrefabParentObject: {fileID: 0}
  m_PrefabInternal: {fileID: 100100000}
  m_GameObject: {fileID: 192776}
  m_LocalRotation: {x: 0, y: 0, z: 0, w: 1}
  m_LocalPosition: {x: 0, y: 0, z: 0}
  m_LocalScale: {x: 1, y: 1, z: 1}
  m_Children:
  - {fileID: 402178}
  m_Father: {fileID: 463606}
  m_RootOrder: 6
--- !u!4 &408164
Transform:
  m_ObjectHideFlags: 1
  m_PrefabParentObject: {fileID: 0}
  m_PrefabInternal: {fileID: 100100000}
  m_GameObject: {fileID: 105458}
  m_LocalRotation: {x: 0, y: 0, z: 0, w: 1}
  m_LocalPosition: {x: -225.07785, y: 8.413147, z: 19.945927}
  m_LocalScale: {x: 1, y: 1, z: 1}
  m_Children: []
  m_Father: {fileID: 402178}
  m_RootOrder: 3
--- !u!4 &414420
Transform:
  m_ObjectHideFlags: 1
  m_PrefabParentObject: {fileID: 0}
  m_PrefabInternal: {fileID: 100100000}
  m_GameObject: {fileID: 162532}
  m_LocalRotation: {x: -0.0000000842937, y: 0.7071068, z: 0.0000000842937, w: 0.7071068}
  m_LocalPosition: {x: -251.92519, y: 15.163606, z: 16.778154}
  m_LocalScale: {x: 1, y: 1, z: 1}
  m_Children: []
  m_Father: {fileID: 402178}
  m_RootOrder: 5
--- !u!4 &416336
Transform:
  m_ObjectHideFlags: 1
  m_PrefabParentObject: {fileID: 0}
  m_PrefabInternal: {fileID: 100100000}
  m_GameObject: {fileID: 189092}
  m_LocalRotation: {x: 0, y: 0, z: 0, w: 1}
  m_LocalPosition: {x: 4, y: 31, z: -0}
  m_LocalScale: {x: 1, y: 1, z: 1}
  m_Children: []
  m_Father: {fileID: 435300}
  m_RootOrder: 4
--- !u!4 &416942
Transform:
  m_ObjectHideFlags: 1
  m_PrefabParentObject: {fileID: 0}
  m_PrefabInternal: {fileID: 100100000}
  m_GameObject: {fileID: 133016}
  m_LocalRotation: {x: 0, y: 0, z: 0, w: 1}
  m_LocalPosition: {x: -242.40804, y: 12.1433325, z: 19.71835}
  m_LocalScale: {x: 1, y: 1, z: 1}
  m_Children: []
  m_Father: {fileID: 402178}
  m_RootOrder: 1
--- !u!4 &417468
Transform:
  m_ObjectHideFlags: 1
  m_PrefabParentObject: {fileID: 0}
  m_PrefabInternal: {fileID: 100100000}
  m_GameObject: {fileID: 108708}
  m_LocalRotation: {x: 0, y: 0, z: 0, w: 1}
  m_LocalPosition: {x: 1, y: 14.5, z: 0}
  m_LocalScale: {x: 537, y: 1, z: 1}
  m_Children: []
  m_Father: {fileID: 463606}
  m_RootOrder: 7
--- !u!4 &418768
Transform:
  m_ObjectHideFlags: 1
  m_PrefabParentObject: {fileID: 0}
  m_PrefabInternal: {fileID: 100100000}
  m_GameObject: {fileID: 157554}
  m_LocalRotation: {x: 0, y: 0, z: 0, w: 1}
  m_LocalPosition: {x: 0, y: 0, z: 0}
  m_LocalScale: {x: 1, y: 1, z: 1}
  m_Children:
  - {fileID: 435300}
  - {fileID: 498500}
  - {fileID: 434708}
  m_Father: {fileID: 463606}
  m_RootOrder: 3
--- !u!4 &420718
Transform:
  m_ObjectHideFlags: 1
  m_PrefabParentObject: {fileID: 0}
  m_PrefabInternal: {fileID: 100100000}
  m_GameObject: {fileID: 118730}
  m_LocalRotation: {x: 0, y: 0, z: 0, w: 1}
  m_LocalPosition: {x: 0, y: 0, z: 0}
  m_LocalScale: {x: 1, y: 1, z: 1}
  m_Children: []
  m_Father: {fileID: 498500}
  m_RootOrder: 1
--- !u!4 &423258
Transform:
  m_ObjectHideFlags: 1
  m_PrefabParentObject: {fileID: 0}
  m_PrefabInternal: {fileID: 100100000}
  m_GameObject: {fileID: 179788}
  m_LocalRotation: {x: 0, y: 0, z: 0, w: 1}
  m_LocalPosition: {x: -132.68521, y: 9.415266, z: 19.495274}
  m_LocalScale: {x: 1, y: 1, z: 1}
  m_Children: []
  m_Father: {fileID: 402178}
  m_RootOrder: 8
--- !u!4 &423378
Transform:
  m_ObjectHideFlags: 1
  m_PrefabParentObject: {fileID: 0}
  m_PrefabInternal: {fileID: 100100000}
  m_GameObject: {fileID: 122588}
  m_LocalRotation: {x: 0, y: 0, z: 0, w: 1}
  m_LocalPosition: {x: 0, y: 0, z: 0}
  m_LocalScale: {x: 1, y: 1, z: 1}
  m_Children: []
  m_Father: {fileID: 477052}
  m_RootOrder: 0
--- !u!4 &424512
Transform:
  m_ObjectHideFlags: 1
  m_PrefabParentObject: {fileID: 0}
  m_PrefabInternal: {fileID: 100100000}
  m_GameObject: {fileID: 155844}
  m_LocalRotation: {x: 0, y: 0, z: 0, w: 1}
  m_LocalPosition: {x: 4.048872, y: 8.784263, z: 19.49747}
  m_LocalScale: {x: 1, y: 1, z: 1}
  m_Children: []
  m_Father: {fileID: 402178}
  m_RootOrder: 9
--- !u!4 &425002
Transform:
  m_ObjectHideFlags: 1
  m_PrefabParentObject: {fileID: 0}
  m_PrefabInternal: {fileID: 100100000}
  m_GameObject: {fileID: 109336}
  m_LocalRotation: {x: 0, y: 0, z: 0, w: 1}
  m_LocalPosition: {x: 22.821247, y: 8.784263, z: 16.778154}
  m_LocalScale: {x: 1, y: 1, z: 1}
  m_Children: []
  m_Father: {fileID: 402178}
  m_RootOrder: 6
--- !u!4 &428642
Transform:
  m_ObjectHideFlags: 1
  m_PrefabParentObject: {fileID: 0}
  m_PrefabInternal: {fileID: 100100000}
  m_GameObject: {fileID: 135636}
  m_LocalRotation: {x: 0.000000021855694, y: -0, z: 0, w: 1}
  m_LocalPosition: {x: 0, y: 0, z: -15}
  m_LocalScale: {x: 1, y: 1, z: 1}
  m_Children: []
  m_Father: {fileID: 463606}
  m_RootOrder: 5
--- !u!4 &430168
Transform:
  m_ObjectHideFlags: 1
  m_PrefabParentObject: {fileID: 0}
  m_PrefabInternal: {fileID: 100100000}
  m_GameObject: {fileID: 188688}
  m_LocalRotation: {x: 0, y: 0, z: 0, w: 1}
  m_LocalPosition: {x: 0, y: 0, z: 0}
  m_LocalScale: {x: 1, y: 1, z: 1}
  m_Children: []
  m_Father: {fileID: 434708}
  m_RootOrder: 1
--- !u!4 &430898
Transform:
  m_ObjectHideFlags: 1
  m_PrefabParentObject: {fileID: 0}
  m_PrefabInternal: {fileID: 100100000}
  m_GameObject: {fileID: 147488}
  m_LocalRotation: {x: -0.0000000842937, y: 0.7071068, z: 0.0000000842937, w: 0.7071068}
  m_LocalPosition: {x: -251.92519, y: 15.163606, z: 16.778154}
  m_LocalScale: {x: 1, y: 1, z: 1}
  m_Children: []
  m_Father: {fileID: 402178}
  m_RootOrder: 10
--- !u!4 &434708
Transform:
  m_ObjectHideFlags: 1
  m_PrefabParentObject: {fileID: 0}
  m_PrefabInternal: {fileID: 100100000}
  m_GameObject: {fileID: 147976}
  m_LocalRotation: {x: 0, y: 0, z: 0.33421814, w: 0.94249576}
  m_LocalPosition: {x: 39.07, y: 13.92, z: 1.5}
  m_LocalScale: {x: 0.25, y: 0.25, z: 0.4}
  m_Children:
  - {fileID: 492912}
  - {fileID: 430168}
  - {fileID: 493342}
  - {fileID: 460934}
  - {fileID: 440978}
  m_Father: {fileID: 418768}
  m_RootOrder: 2
--- !u!4 &435300
Transform:
  m_ObjectHideFlags: 1
  m_PrefabParentObject: {fileID: 0}
  m_PrefabInternal: {fileID: 100100000}
  m_GameObject: {fileID: 129548}
  m_LocalRotation: {x: 0, y: 0, z: 0, w: 1}
  m_LocalPosition: {x: -213.31, y: 4.733, z: 1.5}
  m_LocalScale: {x: 0.25, y: 0.25, z: 0.4}
  m_Children:
  - {fileID: 453142}
  - {fileID: 438320}
  - {fileID: 459226}
  - {fileID: 495586}
  - {fileID: 416336}
  m_Father: {fileID: 418768}
  m_RootOrder: 0
--- !u!4 &437110
Transform:
  m_ObjectHideFlags: 1
  m_PrefabParentObject: {fileID: 0}
  m_PrefabInternal: {fileID: 100100000}
  m_GameObject: {fileID: 195012}
  m_LocalRotation: {x: 0, y: 0, z: -0.06104855, w: 0.99813485}
  m_LocalPosition: {x: -15.92, y: 13, z: 0}
  m_LocalScale: {x: 8, y: 1, z: 8}
  m_Children: []
  m_Father: {fileID: 442560}
  m_RootOrder: 3
--- !u!4 &438240
Transform:
  m_ObjectHideFlags: 1
  m_PrefabParentObject: {fileID: 0}
  m_PrefabInternal: {fileID: 100100000}
  m_GameObject: {fileID: 198796}
  m_LocalRotation: {x: 0, y: 0, z: 0.008726536, w: 0.9999619}
  m_LocalPosition: {x: 16, y: 8.49, z: 0}
  m_LocalScale: {x: 20, y: 1, z: 8}
  m_Children: []
  m_Father: {fileID: 442560}
  m_RootOrder: 0
--- !u!4 &438320
Transform:
  m_ObjectHideFlags: 1
  m_PrefabParentObject: {fileID: 0}
  m_PrefabInternal: {fileID: 100100000}
  m_GameObject: {fileID: 159948}
  m_LocalRotation: {x: 0, y: 0, z: 0, w: 1}
  m_LocalPosition: {x: 0, y: 0, z: 0}
  m_LocalScale: {x: 1, y: 1, z: 1}
  m_Children: []
  m_Father: {fileID: 435300}
  m_RootOrder: 1
--- !u!4 &440922
Transform:
  m_ObjectHideFlags: 1
  m_PrefabParentObject: {fileID: 0}
  m_PrefabInternal: {fileID: 100100000}
  m_GameObject: {fileID: 174802}
  m_LocalRotation: {x: 0, y: 0, z: 0, w: 1}
  m_LocalPosition: {x: 3.53, y: 62.91, z: 0}
  m_LocalScale: {x: 1, y: 1, z: 1}
  m_Children: []
  m_Father: {fileID: 498500}
  m_RootOrder: 3
--- !u!4 &440978
Transform:
  m_ObjectHideFlags: 1
  m_PrefabParentObject: {fileID: 0}
  m_PrefabInternal: {fileID: 100100000}
  m_GameObject: {fileID: 163108}
  m_LocalRotation: {x: 0, y: 0, z: 0, w: 1}
  m_LocalPosition: {x: 4, y: 31, z: -0}
  m_LocalScale: {x: 1, y: 1, z: 1}
  m_Children: []
  m_Father: {fileID: 434708}
  m_RootOrder: 4
--- !u!4 &441552
Transform:
  m_ObjectHideFlags: 1
  m_PrefabParentObject: {fileID: 0}
  m_PrefabInternal: {fileID: 100100000}
  m_GameObject: {fileID: 105358}
  m_LocalRotation: {x: 0, y: 0.7071068, z: 0, w: 0.7071067}
  m_LocalPosition: {x: 0, y: 0, z: 0}
  m_LocalScale: {x: 1, y: 1, z: 1}
  m_Children: []
  m_Father: {fileID: 498500}
  m_RootOrder: 0
--- !u!4 &442560
Transform:
  m_ObjectHideFlags: 1
  m_PrefabParentObject: {fileID: 0}
  m_PrefabInternal: {fileID: 100100000}
  m_GameObject: {fileID: 133562}
  m_LocalRotation: {x: 0, y: 0, z: 0, w: 1}
  m_LocalPosition: {x: 0, y: 0, z: 0}
  m_LocalScale: {x: 1, y: 1, z: 1}
  m_Children:
  - {fileID: 438240}
  - {fileID: 493340}
  - {fileID: 484438}
  - {fileID: 437110}
  m_Father: {fileID: 463606}
  m_RootOrder: 2
--- !u!4 &449760
Transform:
  m_ObjectHideFlags: 1
  m_PrefabParentObject: {fileID: 0}
  m_PrefabInternal: {fileID: 100100000}
  m_GameObject: {fileID: 165254}
  m_LocalRotation: {x: -0.0000000842937, y: 0.7071068, z: 0.0000000842937, w: 0.7071068}
  m_LocalPosition: {x: -261.59637, y: 15.163606, z: 16.778154}
  m_LocalScale: {x: 1, y: 1, z: 1}
  m_Children: []
  m_Father: {fileID: 402178}
  m_RootOrder: 4
--- !u!4 &450306
Transform:
  m_ObjectHideFlags: 1
  m_PrefabParentObject: {fileID: 0}
  m_PrefabInternal: {fileID: 100100000}
  m_GameObject: {fileID: 115186}
  m_LocalRotation: {x: 0, y: 0, z: 0, w: 1}
  m_LocalPosition: {x: 4, y: 31, z: -0}
  m_LocalScale: {x: 1, y: 1, z: 1}
  m_Children: []
  m_Father: {fileID: 498500}
  m_RootOrder: 4
--- !u!4 &451564
Transform:
  m_ObjectHideFlags: 1
  m_PrefabParentObject: {fileID: 0}
  m_PrefabInternal: {fileID: 100100000}
  m_GameObject: {fileID: 164710}
  m_LocalRotation: {x: 0, y: 0, z: 0, w: 1}
  m_LocalPosition: {x: 0, y: 0, z: 0}
  m_LocalScale: {x: 1, y: 1, z: 0.7}
  m_Children: []
  m_Father: {fileID: 463606}
  m_RootOrder: 4
--- !u!4 &452500
Transform:
  m_ObjectHideFlags: 1
  m_PrefabParentObject: {fileID: 0}
  m_PrefabInternal: {fileID: 100100000}
  m_GameObject: {fileID: 101064}
  m_LocalRotation: {x: 0, y: 0, z: 0, w: 1}
  m_LocalPosition: {x: -209.71397, y: 8.413147, z: 19.495274}
  m_LocalScale: {x: 1, y: 1, z: 1}
  m_Children: []
  m_Father: {fileID: 402178}
  m_RootOrder: 7
--- !u!4 &453142
Transform:
  m_ObjectHideFlags: 1
  m_PrefabParentObject: {fileID: 0}
  m_PrefabInternal: {fileID: 100100000}
  m_GameObject: {fileID: 155208}
  m_LocalRotation: {x: 0, y: 0.7071068, z: 0, w: 0.7071067}
  m_LocalPosition: {x: 0, y: 0, z: 0}
  m_LocalScale: {x: 1, y: 1, z: 1}
  m_Children: []
  m_Father: {fileID: 435300}
  m_RootOrder: 0
--- !u!4 &459226
Transform:
  m_ObjectHideFlags: 1
  m_PrefabParentObject: {fileID: 0}
  m_PrefabInternal: {fileID: 100100000}
  m_GameObject: {fileID: 132958}
  m_LocalRotation: {x: 0, y: 0, z: 0, w: 1}
  m_LocalPosition: {x: 0, y: 0, z: 0}
  m_LocalScale: {x: 1, y: 1, z: 1}
  m_Children: []
  m_Father: {fileID: 435300}
  m_RootOrder: 2
--- !u!4 &460934
Transform:
  m_ObjectHideFlags: 1
  m_PrefabParentObject: {fileID: 0}
  m_PrefabInternal: {fileID: 100100000}
  m_GameObject: {fileID: 170846}
  m_LocalRotation: {x: 0, y: 0, z: 0, w: 1}
  m_LocalPosition: {x: 3.53, y: 62.91, z: 0}
  m_LocalScale: {x: 1, y: 1, z: 1}
  m_Children: []
  m_Father: {fileID: 434708}
  m_RootOrder: 3
--- !u!4 &463172
Transform:
  m_ObjectHideFlags: 1
  m_PrefabParentObject: {fileID: 0}
  m_PrefabInternal: {fileID: 100100000}
  m_GameObject: {fileID: 197514}
  m_LocalRotation: {x: 0, y: 0, z: 0, w: 1}
  m_LocalPosition: {x: -233.54367, y: 8.413147, z: 19.71835}
  m_LocalScale: {x: 1, y: 1, z: 1}
  m_Children: []
  m_Father: {fileID: 402178}
  m_RootOrder: 2
--- !u!4 &463606
Transform:
  m_ObjectHideFlags: 1
  m_PrefabParentObject: {fileID: 0}
  m_PrefabInternal: {fileID: 100100000}
  m_GameObject: {fileID: 160736}
  m_LocalRotation: {x: 0, y: 0, z: 0, w: 1}
  m_LocalPosition: {x: 405, y: -22.2, z: 0}
  m_LocalScale: {x: 1.5083799, y: 1.5, z: 1}
  m_Children:
  - {fileID: 477706}
  - {fileID: 477052}
  - {fileID: 442560}
  - {fileID: 418768}
  - {fileID: 451564}
  - {fileID: 428642}
  - {fileID: 406036}
  - {fileID: 417468}
  - {fileID: 496710}
  m_Father: {fileID: 0}
  m_RootOrder: 0
--- !u!4 &476826
Transform:
  m_ObjectHideFlags: 1
  m_PrefabParentObject: {fileID: 0}
  m_PrefabInternal: {fileID: 100100000}
  m_GameObject: {fileID: 192114}
  m_LocalRotation: {x: 0, y: 0, z: 0, w: 1}
  m_LocalPosition: {x: 0, y: 0, z: 0}
  m_LocalScale: {x: 1, y: 1, z: 1}
  m_Children: []
  m_Father: {fileID: 402178}
  m_RootOrder: 0
--- !u!4 &477052
Transform:
  m_ObjectHideFlags: 1
  m_PrefabParentObject: {fileID: 0}
  m_PrefabInternal: {fileID: 100100000}
  m_GameObject: {fileID: 170746}
  m_LocalRotation: {x: 0, y: 0, z: 0, w: 1}
  m_LocalPosition: {x: 1.1700134, y: 0.01, z: 0}
  m_LocalScale: {x: 536.9, y: 0.1, z: 13}
  m_Children:
  - {fileID: 423378}
  m_Father: {fileID: 463606}
  m_RootOrder: 1
--- !u!4 &477706
Transform:
  m_ObjectHideFlags: 1
  m_PrefabParentObject: {fileID: 0}
  m_PrefabInternal: {fileID: 100100000}
  m_GameObject: {fileID: 114844}
  m_LocalRotation: {x: 0, y: 0, z: 0, w: 1}
  m_LocalPosition: {x: 1.2, y: 15.35, z: 0}
  m_LocalScale: {x: 1, y: 1, z: 1}
  m_Children: []
  m_Father: {fileID: 463606}
  m_RootOrder: 0
--- !u!4 &484438
Transform:
  m_ObjectHideFlags: 1
  m_PrefabParentObject: {fileID: 0}
  m_PrefabInternal: {fileID: 100100000}
  m_GameObject: {fileID: 141872}
  m_LocalRotation: {x: 0, y: 0, z: 0.09263127, w: 0.9957005}
  m_LocalPosition: {x: -111.33, y: 8.38, z: 0}
  m_LocalScale: {x: 7, y: 1, z: 8}
  m_Children: []
  m_Father: {fileID: 442560}
  m_RootOrder: 2
--- !u!4 &492912
Transform:
  m_ObjectHideFlags: 1
  m_PrefabParentObject: {fileID: 0}
  m_PrefabInternal: {fileID: 100100000}
  m_GameObject: {fileID: 103004}
  m_LocalRotation: {x: 0, y: 0.7071068, z: 0, w: 0.7071067}
  m_LocalPosition: {x: 0, y: 0, z: 0}
  m_LocalScale: {x: 1, y: 1, z: 1}
  m_Children: []
  m_Father: {fileID: 434708}
  m_RootOrder: 0
--- !u!4 &493340
Transform:
  m_ObjectHideFlags: 1
  m_PrefabParentObject: {fileID: 0}
  m_PrefabInternal: {fileID: 100100000}
  m_GameObject: {fileID: 109938}
  m_LocalRotation: {x: 0, y: 0, z: 0.043619394, w: 0.99904823}
  m_LocalPosition: {x: -211.86, y: 4.37, z: 0}
  m_LocalScale: {x: 20, y: 1, z: 8}
  m_Children: []
  m_Father: {fileID: 442560}
  m_RootOrder: 1
--- !u!4 &493342
Transform:
  m_ObjectHideFlags: 1
  m_PrefabParentObject: {fileID: 0}
  m_PrefabInternal: {fileID: 100100000}
  m_GameObject: {fileID: 113894}
  m_LocalRotation: {x: 0, y: 0, z: 0, w: 1}
  m_LocalPosition: {x: 0, y: 0, z: 0}
  m_LocalScale: {x: 1, y: 1, z: 1}
  m_Children: []
  m_Father: {fileID: 434708}
  m_RootOrder: 2
--- !u!4 &493642
Transform:
  m_ObjectHideFlags: 1
  m_PrefabParentObject: {fileID: 0}
  m_PrefabInternal: {fileID: 100100000}
  m_GameObject: {fileID: 136596}
  m_LocalRotation: {x: 0, y: 0, z: 0, w: 1}
  m_LocalPosition: {x: 0, y: 0, z: 0}
  m_LocalScale: {x: 1, y: 1, z: 1}
  m_Children: []
  m_Father: {fileID: 498500}
  m_RootOrder: 2
--- !u!4 &495586
Transform:
  m_ObjectHideFlags: 1
  m_PrefabParentObject: {fileID: 0}
  m_PrefabInternal: {fileID: 100100000}
  m_GameObject: {fileID: 179410}
  m_LocalRotation: {x: 0, y: 0, z: 0, w: 1}
  m_LocalPosition: {x: 3.53, y: 62.91, z: 0}
  m_LocalScale: {x: 1, y: 1, z: 1}
  m_Children: []
  m_Father: {fileID: 435300}
  m_RootOrder: 3
--- !u!4 &496710
Transform:
  m_ObjectHideFlags: 1
  m_PrefabParentObject: {fileID: 0}
  m_PrefabInternal: {fileID: 100100000}
  m_GameObject: {fileID: 199780}
  m_LocalRotation: {x: 0, y: 0, z: 0, w: 1}
  m_LocalPosition: {x: 1, y: 14.5, z: 0}
  m_LocalScale: {x: 537, y: 1, z: 10}
  m_Children: []
  m_Father: {fileID: 463606}
  m_RootOrder: 8
--- !u!4 &498500
Transform:
  m_ObjectHideFlags: 1
  m_PrefabParentObject: {fileID: 0}
  m_PrefabInternal: {fileID: 100100000}
  m_GameObject: {fileID: 118896}
  m_LocalRotation: {x: 0, y: 0, z: 0.21226297, w: 0.9772126}
  m_LocalPosition: {x: -103.88, y: 9.7, z: 1.5}
  m_LocalScale: {x: 0.25, y: 0.25, z: 0.4}
  m_Children:
  - {fileID: 441552}
  - {fileID: 420718}
  - {fileID: 493642}
  - {fileID: 440922}
  - {fileID: 450306}
  m_Father: {fileID: 418768}
  m_RootOrder: 1
--- !u!23 &2302636
MeshRenderer:
  m_ObjectHideFlags: 1
  m_PrefabParentObject: {fileID: 0}
  m_PrefabInternal: {fileID: 100100000}
  m_GameObject: {fileID: 195012}
  m_Enabled: 1
  m_CastShadows: 1
  m_ReceiveShadows: 1
  m_Materials:
  - {fileID: 2100000, guid: b970bddb3ade0408592092aa15fd07d8, type: 2}
  m_SubsetIndices: 
  m_StaticBatchRoot: {fileID: 0}
  m_UseLightProbes: 1
  m_ReflectionProbeUsage: 1
  m_ProbeAnchor: {fileID: 0}
  m_ScaleInLightmap: 1
  m_PreserveUVs: 1
  m_IgnoreNormalsForChartDetection: 0
  m_ImportantGI: 0
  m_MinimumChartSize: 4
  m_AutoUVMaxDistance: 0.5
  m_AutoUVMaxAngle: 89
  m_LightmapParameters: {fileID: 0}
  m_SortingLayerID: 0
  m_SortingOrder: 0
--- !u!23 &2304192
MeshRenderer:
  m_ObjectHideFlags: 1
  m_PrefabParentObject: {fileID: 0}
  m_PrefabInternal: {fileID: 100100000}
  m_GameObject: {fileID: 147488}
  m_Enabled: 1
  m_CastShadows: 1
  m_ReceiveShadows: 1
  m_Materials:
  - {fileID: 2100000, guid: 8c4aec6ce22194fbfb599be924022313, type: 2}
  m_SubsetIndices: 
  m_StaticBatchRoot: {fileID: 0}
  m_UseLightProbes: 1
  m_ReflectionProbeUsage: 1
  m_ProbeAnchor: {fileID: 0}
  m_ScaleInLightmap: 1
  m_PreserveUVs: 0
  m_IgnoreNormalsForChartDetection: 0
  m_ImportantGI: 0
  m_MinimumChartSize: 4
  m_AutoUVMaxDistance: 0.5
  m_AutoUVMaxAngle: 89
  m_LightmapParameters: {fileID: 0}
  m_SortingLayerID: 0
  m_SortingOrder: 0
--- !u!23 &2304720
MeshRenderer:
  m_ObjectHideFlags: 1
  m_PrefabParentObject: {fileID: 0}
  m_PrefabInternal: {fileID: 100100000}
  m_GameObject: {fileID: 105358}
  m_Enabled: 1
  m_CastShadows: 1
  m_ReceiveShadows: 1
  m_Materials:
  - {fileID: 2100000, guid: 6f14412a802dc4c9790d210620a86d01, type: 2}
  m_SubsetIndices: 
  m_StaticBatchRoot: {fileID: 0}
  m_UseLightProbes: 1
  m_ReflectionProbeUsage: 1
  m_ProbeAnchor: {fileID: 0}
  m_ScaleInLightmap: 1
  m_PreserveUVs: 0
  m_IgnoreNormalsForChartDetection: 0
  m_ImportantGI: 0
  m_MinimumChartSize: 4
  m_AutoUVMaxDistance: 0.5
  m_AutoUVMaxAngle: 89
  m_LightmapParameters: {fileID: 0}
  m_SortingLayerID: 0
  m_SortingOrder: 0
--- !u!23 &2308132
MeshRenderer:
  m_ObjectHideFlags: 1
  m_PrefabParentObject: {fileID: 0}
  m_PrefabInternal: {fileID: 100100000}
  m_GameObject: {fileID: 101064}
  m_Enabled: 1
  m_CastShadows: 1
  m_ReceiveShadows: 1
  m_Materials:
  - {fileID: 2100000, guid: fcd330715f7994e2a8f8a03163a3477c, type: 2}
  m_SubsetIndices: 
  m_StaticBatchRoot: {fileID: 0}
  m_UseLightProbes: 1
  m_ReflectionProbeUsage: 1
  m_ProbeAnchor: {fileID: 0}
  m_ScaleInLightmap: 1
  m_PreserveUVs: 0
  m_IgnoreNormalsForChartDetection: 0
  m_ImportantGI: 0
  m_MinimumChartSize: 4
  m_AutoUVMaxDistance: 0.5
  m_AutoUVMaxAngle: 89
  m_LightmapParameters: {fileID: 0}
  m_SortingLayerID: 0
  m_SortingOrder: 0
--- !u!23 &2311486
MeshRenderer:
  m_ObjectHideFlags: 1
  m_PrefabParentObject: {fileID: 0}
  m_PrefabInternal: {fileID: 100100000}
  m_GameObject: {fileID: 165254}
  m_Enabled: 1
  m_CastShadows: 1
  m_ReceiveShadows: 1
  m_Materials:
  - {fileID: 2100000, guid: 30a87bd5fdb8649b488b858dccfdb371, type: 2}
  m_SubsetIndices: 
  m_StaticBatchRoot: {fileID: 0}
  m_UseLightProbes: 1
  m_ReflectionProbeUsage: 1
  m_ProbeAnchor: {fileID: 0}
  m_ScaleInLightmap: 1
  m_PreserveUVs: 0
  m_IgnoreNormalsForChartDetection: 0
  m_ImportantGI: 0
  m_MinimumChartSize: 4
  m_AutoUVMaxDistance: 0.5
  m_AutoUVMaxAngle: 89
  m_LightmapParameters: {fileID: 0}
  m_SortingLayerID: 0
  m_SortingOrder: 0
--- !u!23 &2311916
MeshRenderer:
  m_ObjectHideFlags: 1
  m_PrefabParentObject: {fileID: 0}
  m_PrefabInternal: {fileID: 100100000}
  m_GameObject: {fileID: 105458}
  m_Enabled: 1
  m_CastShadows: 1
  m_ReceiveShadows: 1
  m_Materials:
  - {fileID: 2100000, guid: 74eecb384c2e140da84eb1023b293653, type: 2}
  m_SubsetIndices: 
  m_StaticBatchRoot: {fileID: 0}
  m_UseLightProbes: 1
  m_ReflectionProbeUsage: 1
  m_ProbeAnchor: {fileID: 0}
  m_ScaleInLightmap: 1
  m_PreserveUVs: 0
  m_IgnoreNormalsForChartDetection: 0
  m_ImportantGI: 0
  m_MinimumChartSize: 4
  m_AutoUVMaxDistance: 0.5
  m_AutoUVMaxAngle: 89
  m_LightmapParameters: {fileID: 0}
  m_SortingLayerID: 0
  m_SortingOrder: 0
--- !u!23 &2319140
MeshRenderer:
  m_ObjectHideFlags: 1
  m_PrefabParentObject: {fileID: 0}
  m_PrefabInternal: {fileID: 100100000}
  m_GameObject: {fileID: 141872}
  m_Enabled: 1
  m_CastShadows: 1
  m_ReceiveShadows: 1
  m_Materials:
  - {fileID: 2100000, guid: b970bddb3ade0408592092aa15fd07d8, type: 2}
  m_SubsetIndices: 
  m_StaticBatchRoot: {fileID: 0}
  m_UseLightProbes: 1
  m_ReflectionProbeUsage: 1
  m_ProbeAnchor: {fileID: 0}
  m_ScaleInLightmap: 1
  m_PreserveUVs: 1
  m_IgnoreNormalsForChartDetection: 0
  m_ImportantGI: 0
  m_MinimumChartSize: 4
  m_AutoUVMaxDistance: 0.5
  m_AutoUVMaxAngle: 89
  m_LightmapParameters: {fileID: 0}
  m_SortingLayerID: 0
  m_SortingOrder: 0
--- !u!23 &2324724
MeshRenderer:
  m_ObjectHideFlags: 1
  m_PrefabParentObject: {fileID: 0}
  m_PrefabInternal: {fileID: 100100000}
  m_GameObject: {fileID: 197514}
  m_Enabled: 1
  m_CastShadows: 1
  m_ReceiveShadows: 1
  m_Materials:
  - {fileID: 2100000, guid: 2b5bd6fe2f36c43d6bdd2ba82609e751, type: 2}
  m_SubsetIndices: 
  m_StaticBatchRoot: {fileID: 0}
  m_UseLightProbes: 1
  m_ReflectionProbeUsage: 1
  m_ProbeAnchor: {fileID: 0}
  m_ScaleInLightmap: 1
  m_PreserveUVs: 0
  m_IgnoreNormalsForChartDetection: 0
  m_ImportantGI: 0
  m_MinimumChartSize: 4
  m_AutoUVMaxDistance: 0.5
  m_AutoUVMaxAngle: 89
  m_LightmapParameters: {fileID: 0}
  m_SortingLayerID: 0
  m_SortingOrder: 0
--- !u!23 &2332226
MeshRenderer:
  m_ObjectHideFlags: 1
  m_PrefabParentObject: {fileID: 0}
  m_PrefabInternal: {fileID: 100100000}
  m_GameObject: {fileID: 135636}
  m_Enabled: 1
  m_CastShadows: 1
  m_ReceiveShadows: 1
  m_Materials:
  - {fileID: 2100000, guid: 73d8706d8179e4a508167266346f9fdc, type: 2}
  m_SubsetIndices: 
  m_StaticBatchRoot: {fileID: 0}
  m_UseLightProbes: 1
  m_ReflectionProbeUsage: 1
  m_ProbeAnchor: {fileID: 0}
  m_ScaleInLightmap: 1
  m_PreserveUVs: 0
  m_IgnoreNormalsForChartDetection: 0
  m_ImportantGI: 0
  m_MinimumChartSize: 4
  m_AutoUVMaxDistance: 0.5
  m_AutoUVMaxAngle: 89
  m_LightmapParameters: {fileID: 0}
  m_SortingLayerID: 0
  m_SortingOrder: 0
--- !u!23 &2337876
MeshRenderer:
  m_ObjectHideFlags: 1
  m_PrefabParentObject: {fileID: 0}
  m_PrefabInternal: {fileID: 100100000}
  m_GameObject: {fileID: 109938}
  m_Enabled: 1
  m_CastShadows: 1
  m_ReceiveShadows: 1
  m_Materials:
  - {fileID: 2100000, guid: b970bddb3ade0408592092aa15fd07d8, type: 2}
  m_SubsetIndices: 
  m_StaticBatchRoot: {fileID: 0}
  m_UseLightProbes: 1
  m_ReflectionProbeUsage: 1
  m_ProbeAnchor: {fileID: 0}
  m_ScaleInLightmap: 1
  m_PreserveUVs: 1
  m_IgnoreNormalsForChartDetection: 0
  m_ImportantGI: 0
  m_MinimumChartSize: 4
  m_AutoUVMaxDistance: 0.5
  m_AutoUVMaxAngle: 89
  m_LightmapParameters: {fileID: 0}
  m_SortingLayerID: 0
  m_SortingOrder: 0
--- !u!23 &2340812
MeshRenderer:
  m_ObjectHideFlags: 1
  m_PrefabParentObject: {fileID: 0}
  m_PrefabInternal: {fileID: 100100000}
  m_GameObject: {fileID: 109336}
  m_Enabled: 1
  m_CastShadows: 1
  m_ReceiveShadows: 1
  m_Materials:
  - {fileID: 2100000, guid: 109ed8a60fc0b4739ac0def5fc574458, type: 2}
  m_SubsetIndices: 
  m_StaticBatchRoot: {fileID: 0}
  m_UseLightProbes: 1
  m_ReflectionProbeUsage: 1
  m_ProbeAnchor: {fileID: 0}
  m_ScaleInLightmap: 1
  m_PreserveUVs: 0
  m_IgnoreNormalsForChartDetection: 0
  m_ImportantGI: 0
  m_MinimumChartSize: 4
  m_AutoUVMaxDistance: 0.5
  m_AutoUVMaxAngle: 89
  m_LightmapParameters: {fileID: 0}
  m_SortingLayerID: 0
  m_SortingOrder: 0
--- !u!23 &2342214
MeshRenderer:
  m_ObjectHideFlags: 1
  m_PrefabParentObject: {fileID: 0}
  m_PrefabInternal: {fileID: 100100000}
  m_GameObject: {fileID: 108708}
  m_Enabled: 0
  m_CastShadows: 1
  m_ReceiveShadows: 1
  m_Materials:
  - {fileID: 10303, guid: 0000000000000000f000000000000000, type: 0}
  m_SubsetIndices: 
  m_StaticBatchRoot: {fileID: 0}
  m_UseLightProbes: 1
  m_ReflectionProbeUsage: 1
  m_ProbeAnchor: {fileID: 0}
  m_ScaleInLightmap: 1
  m_PreserveUVs: 1
  m_IgnoreNormalsForChartDetection: 0
  m_ImportantGI: 0
  m_MinimumChartSize: 4
  m_AutoUVMaxDistance: 0.5
  m_AutoUVMaxAngle: 89
  m_LightmapParameters: {fileID: 0}
  m_SortingLayerID: 0
  m_SortingOrder: 0
--- !u!23 &2347260
MeshRenderer:
  m_ObjectHideFlags: 1
  m_PrefabParentObject: {fileID: 0}
  m_PrefabInternal: {fileID: 100100000}
  m_GameObject: {fileID: 164710}
  m_Enabled: 0
  m_CastShadows: 1
  m_ReceiveShadows: 1
  m_Materials:
  - {fileID: 2100000, guid: 0da82693ab2964e0d96f151a811f0231, type: 2}
  m_SubsetIndices: 
  m_StaticBatchRoot: {fileID: 0}
  m_UseLightProbes: 1
  m_ReflectionProbeUsage: 1
  m_ProbeAnchor: {fileID: 0}
  m_ScaleInLightmap: 1
  m_PreserveUVs: 0
  m_IgnoreNormalsForChartDetection: 0
  m_ImportantGI: 0
  m_MinimumChartSize: 4
  m_AutoUVMaxDistance: 0.5
  m_AutoUVMaxAngle: 89
  m_LightmapParameters: {fileID: 0}
  m_SortingLayerID: 0
  m_SortingOrder: 0
--- !u!23 &2349502
MeshRenderer:
  m_ObjectHideFlags: 1
  m_PrefabParentObject: {fileID: 0}
  m_PrefabInternal: {fileID: 100100000}
  m_GameObject: {fileID: 162532}
  m_Enabled: 1
  m_CastShadows: 1
  m_ReceiveShadows: 1
  m_Materials:
  - {fileID: 2100000, guid: 4c8e4771c4ed44afe80aeff20123e8af, type: 2}
  m_SubsetIndices: 
  m_StaticBatchRoot: {fileID: 0}
  m_UseLightProbes: 1
  m_ReflectionProbeUsage: 1
  m_ProbeAnchor: {fileID: 0}
  m_ScaleInLightmap: 1
  m_PreserveUVs: 0
  m_IgnoreNormalsForChartDetection: 0
  m_ImportantGI: 0
  m_MinimumChartSize: 4
  m_AutoUVMaxDistance: 0.5
  m_AutoUVMaxAngle: 89
  m_LightmapParameters: {fileID: 0}
  m_SortingLayerID: 0
  m_SortingOrder: 0
--- !u!23 &2356334
MeshRenderer:
  m_ObjectHideFlags: 1
  m_PrefabParentObject: {fileID: 0}
  m_PrefabInternal: {fileID: 100100000}
  m_GameObject: {fileID: 192114}
  m_Enabled: 1
  m_CastShadows: 1
  m_ReceiveShadows: 1
  m_Materials:
  - {fileID: 2100000, guid: aa5b6fa89e21e4bf7a07c32e67f58485, type: 2}
  m_SubsetIndices: 
  m_StaticBatchRoot: {fileID: 0}
  m_UseLightProbes: 1
  m_ReflectionProbeUsage: 1
  m_ProbeAnchor: {fileID: 0}
  m_ScaleInLightmap: 1
  m_PreserveUVs: 0
  m_IgnoreNormalsForChartDetection: 0
  m_ImportantGI: 0
  m_MinimumChartSize: 4
  m_AutoUVMaxDistance: 0.5
  m_AutoUVMaxAngle: 89
  m_LightmapParameters: {fileID: 0}
  m_SortingLayerID: 0
  m_SortingOrder: 0
--- !u!23 &2357692
MeshRenderer:
  m_ObjectHideFlags: 1
  m_PrefabParentObject: {fileID: 0}
  m_PrefabInternal: {fileID: 100100000}
  m_GameObject: {fileID: 155844}
  m_Enabled: 1
  m_CastShadows: 1
  m_ReceiveShadows: 1
  m_Materials:
  - {fileID: 2100000, guid: 4233984149bdf4d0db3a863e3559378b, type: 2}
  m_SubsetIndices: 
  m_StaticBatchRoot: {fileID: 0}
  m_UseLightProbes: 1
  m_ReflectionProbeUsage: 1
  m_ProbeAnchor: {fileID: 0}
  m_ScaleInLightmap: 1
  m_PreserveUVs: 0
  m_IgnoreNormalsForChartDetection: 0
  m_ImportantGI: 0
  m_MinimumChartSize: 4
  m_AutoUVMaxDistance: 0.5
  m_AutoUVMaxAngle: 89
  m_LightmapParameters: {fileID: 0}
  m_SortingLayerID: 0
  m_SortingOrder: 0
--- !u!23 &2372834
MeshRenderer:
  m_ObjectHideFlags: 1
  m_PrefabParentObject: {fileID: 0}
  m_PrefabInternal: {fileID: 100100000}
  m_GameObject: {fileID: 199780}
  m_Enabled: 1
  m_CastShadows: 1
  m_ReceiveShadows: 1
  m_Materials:
  - {fileID: 2100000, guid: 45aabc9c76bcc44b4ad0ee132b1b3adb, type: 2}
  m_SubsetIndices: 
  m_StaticBatchRoot: {fileID: 0}
  m_UseLightProbes: 1
  m_ReflectionProbeUsage: 1
  m_ProbeAnchor: {fileID: 0}
  m_ScaleInLightmap: 1
  m_PreserveUVs: 1
  m_IgnoreNormalsForChartDetection: 0
  m_ImportantGI: 0
  m_MinimumChartSize: 4
  m_AutoUVMaxDistance: 0.5
  m_AutoUVMaxAngle: 89
  m_LightmapParameters: {fileID: 0}
  m_SortingLayerID: 0
  m_SortingOrder: 0
--- !u!23 &2385584
MeshRenderer:
  m_ObjectHideFlags: 1
  m_PrefabParentObject: {fileID: 0}
  m_PrefabInternal: {fileID: 100100000}
  m_GameObject: {fileID: 198796}
  m_Enabled: 1
  m_CastShadows: 1
  m_ReceiveShadows: 1
  m_Materials:
  - {fileID: 2100000, guid: b970bddb3ade0408592092aa15fd07d8, type: 2}
  m_SubsetIndices: 
  m_StaticBatchRoot: {fileID: 0}
  m_UseLightProbes: 1
  m_ReflectionProbeUsage: 1
  m_ProbeAnchor: {fileID: 0}
  m_ScaleInLightmap: 1
  m_PreserveUVs: 1
  m_IgnoreNormalsForChartDetection: 0
  m_ImportantGI: 0
  m_MinimumChartSize: 4
  m_AutoUVMaxDistance: 0.5
  m_AutoUVMaxAngle: 89
  m_LightmapParameters: {fileID: 0}
  m_SortingLayerID: 0
  m_SortingOrder: 0
--- !u!23 &2386302
MeshRenderer:
  m_ObjectHideFlags: 1
  m_PrefabParentObject: {fileID: 0}
  m_PrefabInternal: {fileID: 100100000}
  m_GameObject: {fileID: 170746}
  m_Enabled: 1
  m_CastShadows: 1
  m_ReceiveShadows: 1
  m_Materials:
  - {fileID: 2100000, guid: b7f6a5a6965c445418ad525b750f471c, type: 2}
  m_SubsetIndices: 
  m_StaticBatchRoot: {fileID: 0}
  m_UseLightProbes: 1
  m_ReflectionProbeUsage: 1
  m_ProbeAnchor: {fileID: 0}
  m_ScaleInLightmap: 1
  m_PreserveUVs: 1
  m_IgnoreNormalsForChartDetection: 0
  m_ImportantGI: 0
  m_MinimumChartSize: 4
  m_AutoUVMaxDistance: 0.5
  m_AutoUVMaxAngle: 89
  m_LightmapParameters: {fileID: 0}
  m_SortingLayerID: 0
  m_SortingOrder: 0
--- !u!23 &2392760
MeshRenderer:
  m_ObjectHideFlags: 1
  m_PrefabParentObject: {fileID: 0}
  m_PrefabInternal: {fileID: 100100000}
  m_GameObject: {fileID: 155208}
  m_Enabled: 1
  m_CastShadows: 1
  m_ReceiveShadows: 1
  m_Materials:
  - {fileID: 2100000, guid: 6f14412a802dc4c9790d210620a86d01, type: 2}
  m_SubsetIndices: 
  m_StaticBatchRoot: {fileID: 0}
  m_UseLightProbes: 1
  m_ReflectionProbeUsage: 1
  m_ProbeAnchor: {fileID: 0}
  m_ScaleInLightmap: 1
  m_PreserveUVs: 0
  m_IgnoreNormalsForChartDetection: 0
  m_ImportantGI: 0
  m_MinimumChartSize: 4
  m_AutoUVMaxDistance: 0.5
  m_AutoUVMaxAngle: 89
  m_LightmapParameters: {fileID: 0}
  m_SortingLayerID: 0
  m_SortingOrder: 0
--- !u!23 &2393236
MeshRenderer:
  m_ObjectHideFlags: 1
  m_PrefabParentObject: {fileID: 0}
  m_PrefabInternal: {fileID: 100100000}
  m_GameObject: {fileID: 179788}
  m_Enabled: 1
  m_CastShadows: 1
  m_ReceiveShadows: 1
  m_Materials:
  - {fileID: 2100000, guid: 9aed665a5b6e2444e93a688ece8e50fd, type: 2}
  m_SubsetIndices: 
  m_StaticBatchRoot: {fileID: 0}
  m_UseLightProbes: 1
  m_ReflectionProbeUsage: 1
  m_ProbeAnchor: {fileID: 0}
  m_ScaleInLightmap: 1
  m_PreserveUVs: 0
  m_IgnoreNormalsForChartDetection: 0
  m_ImportantGI: 0
  m_MinimumChartSize: 4
  m_AutoUVMaxDistance: 0.5
  m_AutoUVMaxAngle: 89
  m_LightmapParameters: {fileID: 0}
  m_SortingLayerID: 0
  m_SortingOrder: 0
--- !u!23 &2398864
MeshRenderer:
  m_ObjectHideFlags: 1
  m_PrefabParentObject: {fileID: 0}
  m_PrefabInternal: {fileID: 100100000}
  m_GameObject: {fileID: 133016}
  m_Enabled: 1
  m_CastShadows: 1
  m_ReceiveShadows: 1
  m_Materials:
  - {fileID: 2100000, guid: 98401c95ec09944458059a1027473d02, type: 2}
  m_SubsetIndices: 
  m_StaticBatchRoot: {fileID: 0}
  m_UseLightProbes: 1
  m_ReflectionProbeUsage: 1
  m_ProbeAnchor: {fileID: 0}
  m_ScaleInLightmap: 1
  m_PreserveUVs: 0
  m_IgnoreNormalsForChartDetection: 0
  m_ImportantGI: 0
  m_MinimumChartSize: 4
  m_AutoUVMaxDistance: 0.5
  m_AutoUVMaxAngle: 89
  m_LightmapParameters: {fileID: 0}
  m_SortingLayerID: 0
  m_SortingOrder: 0
--- !u!23 &2398894
MeshRenderer:
  m_ObjectHideFlags: 1
  m_PrefabParentObject: {fileID: 0}
  m_PrefabInternal: {fileID: 100100000}
  m_GameObject: {fileID: 103004}
  m_Enabled: 1
  m_CastShadows: 1
  m_ReceiveShadows: 1
  m_Materials:
  - {fileID: 2100000, guid: 6f14412a802dc4c9790d210620a86d01, type: 2}
  m_SubsetIndices: 
  m_StaticBatchRoot: {fileID: 0}
  m_UseLightProbes: 1
  m_ReflectionProbeUsage: 1
  m_ProbeAnchor: {fileID: 0}
  m_ScaleInLightmap: 1
  m_PreserveUVs: 0
  m_IgnoreNormalsForChartDetection: 0
  m_ImportantGI: 0
  m_MinimumChartSize: 4
  m_AutoUVMaxDistance: 0.5
  m_AutoUVMaxAngle: 89
  m_LightmapParameters: {fileID: 0}
  m_SortingLayerID: 0
  m_SortingOrder: 0
--- !u!33 &3300440
MeshFilter:
  m_ObjectHideFlags: 1
  m_PrefabParentObject: {fileID: 0}
  m_PrefabInternal: {fileID: 100100000}
  m_GameObject: {fileID: 162532}
  m_Mesh: {fileID: 4300032, guid: 1bfe38b61f4fc4b86a1389dbca414d88, type: 3}
--- !u!33 &3301052
MeshFilter:
  m_ObjectHideFlags: 1
  m_PrefabParentObject: {fileID: 0}
  m_PrefabInternal: {fileID: 100100000}
  m_GameObject: {fileID: 133016}
  m_Mesh: {fileID: 4300050, guid: 1bfe38b61f4fc4b86a1389dbca414d88, type: 3}
--- !u!33 &3303816
MeshFilter:
  m_ObjectHideFlags: 1
  m_PrefabParentObject: {fileID: 0}
  m_PrefabInternal: {fileID: 100100000}
  m_GameObject: {fileID: 164710}
  m_Mesh: {fileID: 4300000, guid: 59f8db1cb2ee54489b59b884c63a9333, type: 3}
--- !u!33 &3308208
MeshFilter:
  m_ObjectHideFlags: 1
  m_PrefabParentObject: {fileID: 0}
  m_PrefabInternal: {fileID: 100100000}
  m_GameObject: {fileID: 198796}
  m_Mesh: {fileID: 10202, guid: 0000000000000000e000000000000000, type: 0}
--- !u!33 &3324122
MeshFilter:
  m_ObjectHideFlags: 1
  m_PrefabParentObject: {fileID: 0}
  m_PrefabInternal: {fileID: 100100000}
  m_GameObject: {fileID: 135636}
  m_Mesh: {fileID: 4300000, guid: da2db06cfb08542f39997d959f1ad1cf, type: 3}
--- !u!33 &3327302
MeshFilter:
  m_ObjectHideFlags: 1
  m_PrefabParentObject: {fileID: 0}
  m_PrefabInternal: {fileID: 100100000}
  m_GameObject: {fileID: 109938}
  m_Mesh: {fileID: 10202, guid: 0000000000000000e000000000000000, type: 0}
--- !u!33 &3338010
MeshFilter:
  m_ObjectHideFlags: 1
  m_PrefabParentObject: {fileID: 0}
  m_PrefabInternal: {fileID: 100100000}
  m_GameObject: {fileID: 101064}
  m_Mesh: {fileID: 4300036, guid: 1bfe38b61f4fc4b86a1389dbca414d88, type: 3}
--- !u!33 &3341668
MeshFilter:
  m_ObjectHideFlags: 1
  m_PrefabParentObject: {fileID: 0}
  m_PrefabInternal: {fileID: 100100000}
  m_GameObject: {fileID: 105458}
  m_Mesh: {fileID: 4300046, guid: 1bfe38b61f4fc4b86a1389dbca414d88, type: 3}
--- !u!33 &3346926
MeshFilter:
  m_ObjectHideFlags: 1
  m_PrefabParentObject: {fileID: 0}
  m_PrefabInternal: {fileID: 100100000}
  m_GameObject: {fileID: 199780}
  m_Mesh: {fileID: 10202, guid: 0000000000000000e000000000000000, type: 0}
--- !u!33 &3360012
MeshFilter:
  m_ObjectHideFlags: 1
  m_PrefabParentObject: {fileID: 0}
  m_PrefabInternal: {fileID: 100100000}
  m_GameObject: {fileID: 197514}
  m_Mesh: {fileID: 4300048, guid: 1bfe38b61f4fc4b86a1389dbca414d88, type: 3}
--- !u!33 &3360738
MeshFilter:
  m_ObjectHideFlags: 1
  m_PrefabParentObject: {fileID: 0}
  m_PrefabInternal: {fileID: 100100000}
  m_GameObject: {fileID: 109336}
  m_Mesh: {fileID: 4300024, guid: 1bfe38b61f4fc4b86a1389dbca414d88, type: 3}
--- !u!33 &3364918
MeshFilter:
  m_ObjectHideFlags: 1
  m_PrefabParentObject: {fileID: 0}
  m_PrefabInternal: {fileID: 100100000}
  m_GameObject: {fileID: 195012}
  m_Mesh: {fileID: 10202, guid: 0000000000000000e000000000000000, type: 0}
--- !u!33 &3367272
MeshFilter:
  m_ObjectHideFlags: 1
  m_PrefabParentObject: {fileID: 0}
  m_PrefabInternal: {fileID: 100100000}
  m_GameObject: {fileID: 141872}
  m_Mesh: {fileID: 10202, guid: 0000000000000000e000000000000000, type: 0}
--- !u!33 &3369718
MeshFilter:
  m_ObjectHideFlags: 1
  m_PrefabParentObject: {fileID: 0}
  m_PrefabInternal: {fileID: 100100000}
  m_GameObject: {fileID: 179788}
  m_Mesh: {fileID: 4300030, guid: 1bfe38b61f4fc4b86a1389dbca414d88, type: 3}
--- !u!33 &3371036
MeshFilter:
  m_ObjectHideFlags: 1
  m_PrefabParentObject: {fileID: 0}
  m_PrefabInternal: {fileID: 100100000}
  m_GameObject: {fileID: 147488}
  m_Mesh: {fileID: 4300042, guid: 1bfe38b61f4fc4b86a1389dbca414d88, type: 3}
--- !u!33 &3380112
MeshFilter:
  m_ObjectHideFlags: 1
  m_PrefabParentObject: {fileID: 0}
  m_PrefabInternal: {fileID: 100100000}
  m_GameObject: {fileID: 155844}
  m_Mesh: {fileID: 4300026, guid: 1bfe38b61f4fc4b86a1389dbca414d88, type: 3}
--- !u!33 &3386306
MeshFilter:
  m_ObjectHideFlags: 1
  m_PrefabParentObject: {fileID: 0}
  m_PrefabInternal: {fileID: 100100000}
  m_GameObject: {fileID: 108708}
  m_Mesh: {fileID: 10202, guid: 0000000000000000e000000000000000, type: 0}
--- !u!33 &3387164
MeshFilter:
  m_ObjectHideFlags: 1
  m_PrefabParentObject: {fileID: 0}
  m_PrefabInternal: {fileID: 100100000}
  m_GameObject: {fileID: 103004}
  m_Mesh: {fileID: 4300000, guid: c00b38deb69104316a6d1e1e151b3248, type: 3}
--- !u!33 &3390530
MeshFilter:
  m_ObjectHideFlags: 1
  m_PrefabParentObject: {fileID: 0}
  m_PrefabInternal: {fileID: 100100000}
  m_GameObject: {fileID: 170746}
  m_Mesh: {fileID: 10202, guid: 0000000000000000e000000000000000, type: 0}
--- !u!33 &3392412
MeshFilter:
  m_ObjectHideFlags: 1
  m_PrefabParentObject: {fileID: 0}
  m_PrefabInternal: {fileID: 100100000}
  m_GameObject: {fileID: 192114}
  m_Mesh: {fileID: 4300044, guid: 1bfe38b61f4fc4b86a1389dbca414d88, type: 3}
--- !u!33 &3392778
MeshFilter:
  m_ObjectHideFlags: 1
  m_PrefabParentObject: {fileID: 0}
  m_PrefabInternal: {fileID: 100100000}
  m_GameObject: {fileID: 105358}
  m_Mesh: {fileID: 4300000, guid: c00b38deb69104316a6d1e1e151b3248, type: 3}
--- !u!33 &3393568
MeshFilter:
  m_ObjectHideFlags: 1
  m_PrefabParentObject: {fileID: 0}
  m_PrefabInternal: {fileID: 100100000}
  m_GameObject: {fileID: 155208}
  m_Mesh: {fileID: 4300000, guid: c00b38deb69104316a6d1e1e151b3248, type: 3}
--- !u!33 &3396198
MeshFilter:
  m_ObjectHideFlags: 1
  m_PrefabParentObject: {fileID: 0}
  m_PrefabInternal: {fileID: 100100000}
  m_GameObject: {fileID: 165254}
  m_Mesh: {fileID: 4300040, guid: 1bfe38b61f4fc4b86a1389dbca414d88, type: 3}
--- !u!50 &5019036
Rigidbody2D:
  serializedVersion: 2
  m_ObjectHideFlags: 1
  m_PrefabParentObject: {fileID: 0}
  m_PrefabInternal: {fileID: 100100000}
  m_GameObject: {fileID: 147976}
  m_UseAutoMass: 0
  m_Mass: 1
  m_LinearDrag: 0
  m_AngularDrag: 0.05
  m_GravityScale: 1
  m_IsKinematic: 1
  m_Interpolate: 0
  m_SleepingMode: 1
  m_CollisionDetection: 0
  m_Constraints: 0
--- !u!50 &5062348
Rigidbody2D:
  serializedVersion: 2
  m_ObjectHideFlags: 1
  m_PrefabParentObject: {fileID: 0}
  m_PrefabInternal: {fileID: 100100000}
  m_GameObject: {fileID: 129548}
  m_UseAutoMass: 0
  m_Mass: 1
  m_LinearDrag: 0
  m_AngularDrag: 0.05
  m_GravityScale: 1
  m_IsKinematic: 1
  m_Interpolate: 0
  m_SleepingMode: 1
  m_CollisionDetection: 0
  m_Constraints: 0
--- !u!50 &5086466
Rigidbody2D:
  serializedVersion: 2
  m_ObjectHideFlags: 1
  m_PrefabParentObject: {fileID: 0}
  m_PrefabInternal: {fileID: 100100000}
  m_GameObject: {fileID: 118896}
  m_UseAutoMass: 0
  m_Mass: 1
  m_LinearDrag: 0
  m_AngularDrag: 0.05
  m_GravityScale: 1
  m_IsKinematic: 1
  m_Interpolate: 0
  m_SleepingMode: 1
  m_CollisionDetection: 0
  m_Constraints: 0
--- !u!58 &5822368
CircleCollider2D:
  m_ObjectHideFlags: 1
  m_PrefabParentObject: {fileID: 0}
  m_PrefabInternal: {fileID: 100100000}
  m_GameObject: {fileID: 147976}
  m_Enabled: 0
  m_Density: 1
  m_Material: {fileID: 0}
  m_IsTrigger: 1
  m_UsedByEffector: 0
  m_Offset: {x: 4, y: 31.5}
  serializedVersion: 2
  m_Radius: 33
--- !u!58 &5826580
CircleCollider2D:
  m_ObjectHideFlags: 1
  m_PrefabParentObject: {fileID: 0}
  m_PrefabInternal: {fileID: 100100000}
  m_GameObject: {fileID: 118896}
  m_Enabled: 0
  m_Density: 1
  m_Material: {fileID: 0}
  m_IsTrigger: 1
  m_UsedByEffector: 0
  m_Offset: {x: 4, y: 31.5}
  serializedVersion: 2
  m_Radius: 33
--- !u!58 &5840592
CircleCollider2D:
  m_ObjectHideFlags: 1
  m_PrefabParentObject: {fileID: 0}
  m_PrefabInternal: {fileID: 100100000}
  m_GameObject: {fileID: 129548}
  m_Enabled: 0
  m_Density: 1
  m_Material: {fileID: 0}
  m_IsTrigger: 1
  m_UsedByEffector: 0
  m_Offset: {x: 4, y: 31.5}
  serializedVersion: 2
  m_Radius: 33
--- !u!60 &6041048
PolygonCollider2D:
  m_ObjectHideFlags: 1
  m_PrefabParentObject: {fileID: 0}
  m_PrefabInternal: {fileID: 100100000}
  m_GameObject: {fileID: 114844}
  m_Enabled: 0
  m_Density: 1
  m_Material: {fileID: 0}
  m_IsTrigger: 0
  m_UsedByEffector: 0
  m_Offset: {x: 0, y: 0}
  m_Points:
    m_Paths:
    - - {x: -109.05997, y: -5.9564857}
      - {x: -115.694534, y: -7.1818256}
      - {x: -116.22008, y: -7.179223}
      - {x: -118.97186, y: -7.4734845}
      - {x: -121.84424, y: -7.413664}
      - {x: -122.78128, y: -7.4809866}
      - {x: -123.66539, y: -7.561406}
      - {x: -124.46417, y: -7.422435}
      - {x: -126.688965, y: -7.2383947}
      - {x: -127.61334, y: -7.2953205}
      - {x: -128.43744, y: -7.4864273}
      - {x: -128.93011, y: -7.5327196}
      - {x: -131.60574, y: -7.662476}
      - {x: -136.38007, y: -7.888145}
      - {x: -140.10312, y: -7.998161}
      - {x: -140.75534, y: -8.014586}
      - {x: -141.40758, y: -8.031012}
      - {x: -141.66927, y: -8.0205345}
      - {x: -142.77177, y: -7.8911552}
      - {x: -143.86456, y: -7.653716}
      - {x: -144.81447, y: -7.3547363}
      - {x: -145.41052, y: -7.2436523}
      - {x: -146.41489, y: -7.149109}
      - {x: -147.17522, y: -7.117773}
      - {x: -148.55266, y: -6.932811}
      - {x: -149.03754, y: -6.8334923}
      - {x: -150.0861, y: -6.555628}
      - {x: -151.48138, y: -6.0856066}
      - {x: -153.42833, y: -5.5056467}
      - {x: -154.7751, y: -5.2386255}
      - {x: -155.51967, y: -5.167406}
      - {x: -156.5058, y: -5.1549416}
      - {x: -159.37422, y: -5.251129}
      - {x: -160.90276, y: -5.259014}
      - {x: -162.01779, y: -5.0865774}
      - {x: -163.79091, y: -4.713381}
      - {x: -164.47792, y: -4.5414486}
      - {x: -165.35394, y: -4.4288845}
      - {x: -166.73225, y: -4.3954067}
      - {x: -167.99287, y: -4.510475}
      - {x: -169.51161, y: -4.9779243}
      - {x: -171.37906, y: -5.7041855}
      - {x: -172.65211, y: -6.1846027}
      - {x: -174.51726, y: -6.7424984}
      - {x: -176.00224, y: -7.219202}
      - {x: -176.28145, y: -7.355498}
      - {x: -177.65858, y: -7.9893456}
      - {x: -179.13039, y: -8.544689}
      - {x: -180.27454, y: -8.55588}
      - {x: -181.27275, y: -8.323802}
      - {x: -182.48375, y: -7.797337}
      - {x: -184.38078, y: -6.8697796}
      - {x: -185.73024, y: -6.3673563}
      - {x: -187.45549, y: -5.9728546}
      - {x: -190.2722, y: -5.8976574}
      - {x: -191.35689, y: -5.922819}
      - {x: -192.35318, y: -6.0013065}
      - {x: -192.55971, y: -6.0764475}
      - {x: -193.00471, y: -6.3905125}
      - {x: -195.40843, y: -7.29263}
      - {x: -199.13686, y: -8.66527}
      - {x: -201.85, y: -9.55}
      - {x: -203.26552, y: -9.838307}
      - {x: -204.26805, y: -9.918212}
      - {x: -205.25424, y: -9.92264}
      - {x: -215.40111, y: -10.840296}
      - {x: -217.7589, y: -11.052518}
      - {x: -219.17697, y: -11.180938}
      - {x: -221.32796, y: -11.344153}
      - {x: -223.21947, y: -11.39316}
      - {x: -224.03296, y: -11.342074}
      - {x: -224.6737, y: -11.257961}
      - {x: -225.32268, y: -11.100449}
      - {x: -225.83325, y: -10.961069}
      - {x: -231.18423, y: -9.533647}
      - {x: -231.58525, y: -9.397169}
      - {x: -236.91403, y: -7.202837}
      - {x: -239.55928, y: -6.5911083}
      - {x: -242.41924, y: -5.9223957}
      - {x: -246.15814, y: -4.2584534}
      - {x: -248.03183, y: -3.4482718}
      - {x: -250.82451, y: -2.501008}
      - {x: -255.36758, y: -0.9627962}
      - {x: -256.581, y: -0.5994892}
      - {x: -259.23087, y: -0.39463234}
      - {x: -261.44363, y: -0.28187943}
      - {x: -264.95, y: -0.20810127}
      - {x: -268.44363, y: -0.16912746}
      - {x: -268.45, y: -15.75}
      - {x: -108.950005, y: -15.75}
      - {x: -108.950005, y: -15.45}
    - - {x: 85.30571, y: -10.8677435}
      - {x: 82.18883, y: -11.938839}
      - {x: 77.113754, y: -12.136968}
      - {x: 74.51433, y: -11.487732}
      - {x: 72.22325, y: -10.557165}
      - {x: 70.32149, y: -9.889808}
      - {x: 68.81645, y: -9.264864}
      - {x: 66.86113, y: -8.351389}
      - {x: 65.111374, y: -7.687244}
      - {x: 60.55653, y: -6.420123}
      - {x: 57.98219, y: -5.754122}
      - {x: 55.302776, y: -4.9408236}
      - {x: 53.151592, y: -4.076887}
      - {x: 50.996716, y: -2.9328823}
      - {x: 49.594097, y: -2.2537928}
      - {x: 48.32185, y: -1.7212505}
      - {x: 46.09898, y: -0.9129391}
      - {x: 44.60261, y: -0.480855}
      - {x: 43.07237, y: -0.20902538}
      - {x: 39.221416, y: -0.3133688}
      - {x: 37.376415, y: -1.4744844}
      - {x: 33.649944, y: -4.475559}
      - {x: 32.553783, y: -5.2846165}
      - {x: 31.40916, y: -5.6943836}
      - {x: 30.479198, y: -6.2278976}
      - {x: 29.595074, y: -6.2894306}
      - {x: 29.168133, y: -6.415209}
      - {x: 28.717327, y: -6.4772825}
      - {x: 27.169445, y: -6.293253}
      - {x: 26.223309, y: -6.275633}
      - {x: 6.1613894, y: -6.5970697}
      - {x: 3.9557617, y: -6.6688585}
      - {x: 1.4271057, y: -6.714037}
      - {x: 0.5348327, y: -6.742834}
      - {x: 0.063183546, y: -6.6569195}
      - {x: -0.4613831, y: -6.58276}
      - {x: -0.9878113, y: -6.5689487}
      - {x: -1.5991395, y: -6.5873384}
      - {x: -1.9799073, y: -6.644826}
      - {x: -2.3011353, y: -6.491989}
      - {x: -2.962268, y: -6.3106327}
      - {x: -4.208667, y: -6.1256227}
      - {x: -6.351733, y: -5.2374783}
      - {x: -8.571826, y: -4.3777685}
      - {x: -10.917285, y: -3.459175}
      - {x: -11.878863, y: -3.055418}
      - {x: -12.64545, y: -2.743699}
      - {x: -13.398501, y: -2.4735947}
      - {x: -14.6556425, y: -2.3116817}
      - {x: -16.041187, y: -2.238223}
      - {x: -17.405277, y: -2.1208773}
      - {x: -19.21851, y: -1.8812876}
      - {x: -25.991886, y: -0.49024773}
      - {x: -31.182362, y: -1.7618113}
      - {x: -32.397312, y: -1.7966614}
      - {x: -33.742558, y: -1.8033562}
      - {x: -34.678684, y: -1.87187}
      - {x: -35.340122, y: -2.003911}
      - {x: -36.114307, y: -2.3214989}
      - {x: -37.749516, y: -3.1905785}
      - {x: -38.591496, y: -3.7191887}
      - {x: -40.028873, y: -4.692024}
      - {x: -41.317356, y: -5.5911818}
      - {x: -42.257557, y: -6.189993}
      - {x: -45.270084, y: -6.524864}
      - {x: -46.288517, y: -6.6070232}
      - {x: -47.701878, y: -6.6314526}
      - {x: -48.658634, y: -6.5800543}
      - {x: -49.49927, y: -6.4811373}
      - {x: -50.585133, y: -6.270796}
      - {x: -51.674564, y: -6.0148697}
      - {x: -53.406498, y: -5.6015806}
      - {x: -54.269184, y: -5.400219}
      - {x: -54.678165, y: -5.35944}
      - {x: -55.830387, y: -5.144108}
      - {x: -56.925495, y: -5.0126343}
      - {x: -57.89031, y: -4.95975}
      - {x: -58.6684, y: -5.0182705}
      - {x: -59.863056, y: -5.253372}
      - {x: -60.571247, y: -5.1707935}
      - {x: -60.922215, y: -5.154005}
      - {x: -61.927113, y: -5.296633}
      - {x: -63.063633, y: -5.291298}
      - {x: -63.78493, y: -5.5621796}
      - {x: -64.19853, y: -5.65238}
      - {x: -64.55553, y: -5.6555176}
      - {x: -65.19176, y: -5.8256683}
      - {x: -65.66365, y: -5.8307257}
      - {x: -66.48183, y: -5.6959543}
      - {x: -67.510315, y: -5.6214056}
      - {x: -68.91127, y: -5.6881075}
      - {x: -70.37805, y: -5.2653723}
      - {x: -71.45343, y: -5.065485}
      - {x: -72.097595, y: -4.7949266}
      - {x: -73.08386, y: -4.482212}
      - {x: -73.59218, y: -4.415491}
      - {x: -74.00845, y: -4.0960417}
      - {x: -74.50455, y: -3.8337126}
      - {x: -74.932144, y: -3.683898}
      - {x: -75.66713, y: -3.5239868}
      - {x: -76.184494, y: -3.4589262}
      - {x: -78.041626, y: -3.368307}
      - {x: -81.06358, y: -3.011137}
      - {x: -84.258484, y: -2.6621904}
      - {x: -87.85863, y: -2.3772345}
      - {x: -89.326965, y: -2.3618774}
      - {x: -89.787796, y: -2.4587307}
      - {x: -90.85507, y: -2.685711}
      - {x: -92.63641, y: -3.2178469}
      - {x: -94.75192, y: -3.93155}
      - {x: -95.5939, y: -4.2526245}
      - {x: -96.439224, y: -4.68213}
      - {x: -97.125565, y: -5.1698227}
      - {x: -100.47403, y: -5.3419}
      - {x: -100.65, y: -15.650001}
      - {x: -100.55, y: -15.75}
      - {x: 87.25, y: -15.75}
      - {x: 87.35, y: -15.650001}
      - {x: 87.22072, y: -10.181729}
    - - {x: 258.61008, y: 1.269764}
      - {x: 255.94609, y: 1.9264317}
      - {x: 254.83403, y: 1.945631}
      - {x: 252.41136, y: 2.2694187}
      - {x: 250.06401, y: 2.1052017}
      - {x: 247.32323, y: 1.8830662}
      - {x: 244.97081, y: 1.748169}
      - {x: 244.25664, y: 1.7082253}
      - {x: 243.916, y: 1.756361}
      - {x: 243.20372, y: 1.9053535}
      - {x: 242.24889, y: 1.9726028}
      - {x: 239.87215, y: 2.1097107}
      - {x: 236.34996, y: 2.137127}
      - {x: 231.51833, y: 2.0429134}
      - {x: 230.51607, y: 2.044609}
      - {x: 229.80275, y: 1.8922443}
      - {x: 229.20476, y: 1.6830959}
      - {x: 228.75523, y: 1.5888653}
      - {x: 228.20992, y: 1.500536}
      - {x: 226.32689, y: 1.3738079}
      - {x: 225.2701, y: 1.0922279}
      - {x: 223.39796, y: 0.5959244}
      - {x: 222.44194, y: 0.4076748}
      - {x: 220.7271, y: 0.41796207}
      - {x: 219.43517, y: 0.38775253}
      - {x: 218.36964, y: 0.27492237}
      - {x: 217.5258, y: 0.065618515}
      - {x: 215.89116, y: 0.2505865}
      - {x: 215.12498, y: 0.2655201}
      - {x: 213.82268, y: 0.19996834}
      - {x: 212.31728, y: 0.044239044}
      - {x: 210.77531, y: -0.28262615}
      - {x: 209.04512, y: -0.87863445}
      - {x: 207.5731, y: -1.4931479}
      - {x: 206.17815, y: -2.4619827}
      - {x: 204.79921, y: -3.4397469}
      - {x: 203.70232, y: -4.3805456}
      - {x: 202.64934, y: -4.8569527}
      - {x: 201.46956, y: -5.692729}
      - {x: 199.94987, y: -6.467574}
      - {x: 198.55, y: -6.9500003}
      - {x: 197.93196, y: -7.172224}
      - {x: 195.97505, y: -7.3950157}
      - {x: 193.65752, y: -7.4175234}
      - {x: 191.82088, y: -7.2072315}
      - {x: 190.73457, y: -6.924923}
      - {x: 189.78966, y: -6.382375}
      - {x: 189.3976, y: -6.305087}
      - {x: 187.89244, y: -6.032529}
      - {x: 184.51714, y: -4.604883}
      - {x: 183.4384, y: -4.147071}
      - {x: 182.02718, y: -3.817523}
      - {x: 180.73726, y: -3.737564}
      - {x: 179.41985, y: -3.8951178}
      - {x: 176.47182, y: -4.4702454}
      - {x: 174.64363, y: -4.822283}
      - {x: 171.27339, y: -5.1636868}
      - {x: 169.19234, y: -5.620963}
      - {x: 167.35152, y: -6.6635303}
      - {x: 164.89803, y: -9.01305}
      - {x: 163.72072, y: -9.851433}
      - {x: 162.9756, y: -10.204263}
      - {x: 161.94386, y: -10.588903}
      - {x: 160.55095, y: -10.939744}
      - {x: 159.04503, y: -10.953311}
      - {x: 158.44106, y: -10.955563}
      - {x: 157.12791, y: -10.777556}
      - {x: 156.38914, y: -10.369418}
      - {x: 154.23885, y: -9.322105}
      - {x: 153.08669, y: -9.006134}
      - {x: 151.8322, y: -8.657056}
      - {x: 150.51106, y: -8.404936}
      - {x: 149.32619, y: -8.268047}
      - {x: 148.23714, y: -8.205027}
      - {x: 146.4694, y: -8.230457}
      - {x: 144.54396, y: -8.525682}
      - {x: 142.67336, y: -9.010241}
      - {x: 141.29579, y: -9.529896}
      - {x: 140.32024, y: -9.962097}
      - {x: 139.1621, y: -10.564521}
      - {x: 138.02696, y: -11.12199}
      - {x: 136.167, y: -11.665914}
      - {x: 135.39272, y: -11.801418}
      - {x: 134.20113, y: -11.878889}
      - {x: 133.40681, y: -11.808208}
      - {x: 132.70241, y: -11.739584}
      - {x: 131.91225, y: -11.692697}
      - {x: 131.14604, y: -11.396135}
      - {x: 130.10344, y: -11.116491}
      - {x: 129.54903, y: -11.085031}
      - {x: 128.97389, y: -11.137121}
      - {x: 128.44777, y: -11.138531}
      - {x: 127.810074, y: -11.09985}
      - {x: 125.86278, y: -10.684595}
      - {x: 123.02974, y: -10.098389}
      - {x: 121.08583, y: -9.706459}
      - {x: 120.74196, y: -9.634241}
      - {x: 120.45128, y: -9.608856}
      - {x: 119.05971, y: -9.627651}
      - {x: 118.57585, y: -9.546276}
      - {x: 118.289505, y: -9.478657}
      - {x: 117.52748, y: -9.402203}
      - {x: 115.55699, y: -9.452552}
      - {x: 112.82085, y: -9.577632}
      - {x: 110.78157, y: -9.797338}
      - {x: 109.29051, y: -10.056511}
      - {x: 108.956955, y: -10.082295}
      - {x: 108.70375, y: -10.045755}
      - {x: 108.26796, y: -9.950675}
      - {x: 107.83354, y: -9.879358}
      - {x: 107.13966, y: -9.93504}
      - {x: 105.09169, y: -10.397491}
      - {x: 102.172806, y: -11.147197}
      - {x: 101.15672, y: -11.262862}
      - {x: 99.37111, y: -11.376221}
      - {x: 95.14772, y: -10.163416}
      - {x: 94.85, y: -15.650001}
      - {x: 94.950005, y: -15.75}
      - {x: 268.45, y: -15.75}
      - {x: 268.46164, y: -0.16788769}
      - {x: 263.46072, y: 0.46625614}
--- !u!61 &6123618
BoxCollider2D:
  m_ObjectHideFlags: 1
  m_PrefabParentObject: {fileID: 0}
  m_PrefabInternal: {fileID: 100100000}
  m_GameObject: {fileID: 141872}
  m_Enabled: 1
  m_Density: 1
  m_Material: {fileID: 0}
  m_IsTrigger: 1
  m_UsedByEffector: 0
  m_Offset: {x: 0, y: 0}
  serializedVersion: 2
  m_Size: {x: 1, y: 1}
--- !u!61 &6139370
BoxCollider2D:
  m_ObjectHideFlags: 1
  m_PrefabParentObject: {fileID: 0}
  m_PrefabInternal: {fileID: 100100000}
  m_GameObject: {fileID: 170846}
  m_Enabled: 1
  m_Density: 1
  m_Material: {fileID: 0}
  m_IsTrigger: 1
  m_UsedByEffector: 0
  m_Offset: {x: 0, y: 0}
  serializedVersion: 2
  m_Size: {x: 20, y: 50}
--- !u!61 &6176100
BoxCollider2D:
  m_ObjectHideFlags: 1
  m_PrefabParentObject: {fileID: 0}
  m_PrefabInternal: {fileID: 100100000}
  m_GameObject: {fileID: 122588}
  m_Enabled: 1
  m_Density: 1
  m_Material: {fileID: 0}
  m_IsTrigger: 0
  m_UsedByEffector: 0
  m_Offset: {x: 0, y: 0}
  serializedVersion: 2
  m_Size: {x: 1, y: 1}
--- !u!61 &6177938
BoxCollider2D:
  m_ObjectHideFlags: 1
  m_PrefabParentObject: {fileID: 0}
  m_PrefabInternal: {fileID: 100100000}
  m_GameObject: {fileID: 174802}
  m_Enabled: 1
  m_Density: 1
  m_Material: {fileID: 0}
  m_IsTrigger: 1
  m_UsedByEffector: 0
  m_Offset: {x: 0, y: 0}
  serializedVersion: 2
  m_Size: {x: 20, y: 50}
--- !u!61 &6182844
BoxCollider2D:
  m_ObjectHideFlags: 1
  m_PrefabParentObject: {fileID: 0}
  m_PrefabInternal: {fileID: 100100000}
  m_GameObject: {fileID: 114844}
  m_Enabled: 1
  m_Density: 1
  m_Material: {fileID: 6200000, guid: 832d150d11eb345a48d16837b719ea57, type: 2}
  m_IsTrigger: 0
  m_UsedByEffector: 0
  m_Offset: {x: 0, y: -0.85}
  serializedVersion: 2
  m_Size: {x: 537, y: 1}
--- !u!61 &6183582
BoxCollider2D:
  m_ObjectHideFlags: 1
  m_PrefabParentObject: {fileID: 0}
  m_PrefabInternal: {fileID: 100100000}
  m_GameObject: {fileID: 198796}
  m_Enabled: 1
  m_Density: 1
  m_Material: {fileID: 0}
  m_IsTrigger: 1
  m_UsedByEffector: 0
  m_Offset: {x: 0, y: 0}
  serializedVersion: 2
  m_Size: {x: 1, y: 1}
--- !u!61 &6185426
BoxCollider2D:
  m_ObjectHideFlags: 1
  m_PrefabParentObject: {fileID: 0}
  m_PrefabInternal: {fileID: 100100000}
  m_GameObject: {fileID: 108708}
  m_Enabled: 1
  m_Density: 1
  m_Material: {fileID: 0}
  m_IsTrigger: 0
  m_UsedByEffector: 0
  m_Offset: {x: 0, y: 0}
  serializedVersion: 2
  m_Size: {x: 1, y: 1}
--- !u!61 &6198718
BoxCollider2D:
  m_ObjectHideFlags: 1
  m_PrefabParentObject: {fileID: 0}
  m_PrefabInternal: {fileID: 100100000}
  m_GameObject: {fileID: 109938}
  m_Enabled: 1
  m_Density: 1
  m_Material: {fileID: 0}
  m_IsTrigger: 1
  m_UsedByEffector: 0
  m_Offset: {x: 0, y: 0}
  serializedVersion: 2
  m_Size: {x: 1, y: 1}
--- !u!61 &6198936
BoxCollider2D:
  m_ObjectHideFlags: 1
  m_PrefabParentObject: {fileID: 0}
  m_PrefabInternal: {fileID: 100100000}
  m_GameObject: {fileID: 179410}
  m_Enabled: 1
  m_Density: 1
  m_Material: {fileID: 0}
  m_IsTrigger: 1
  m_UsedByEffector: 0
  m_Offset: {x: 0, y: 0}
  serializedVersion: 2
  m_Size: {x: 20, y: 50}
--- !u!61 &6199794
BoxCollider2D:
  m_ObjectHideFlags: 1
  m_PrefabParentObject: {fileID: 0}
  m_PrefabInternal: {fileID: 100100000}
  m_GameObject: {fileID: 195012}
  m_Enabled: 1
  m_Density: 1
  m_Material: {fileID: 0}
  m_IsTrigger: 1
  m_UsedByEffector: 0
  m_Offset: {x: 0, y: 0}
  serializedVersion: 2
  m_Size: {x: 1, y: 1}
--- !u!64 &6400358
MeshCollider:
  m_ObjectHideFlags: 1
  m_PrefabParentObject: {fileID: 0}
  m_PrefabInternal: {fileID: 100100000}
  m_GameObject: {fileID: 164710}
  m_Material: {fileID: 0}
  m_IsTrigger: 0
  m_Enabled: 0
  serializedVersion: 2
  m_Convex: 0
  m_Mesh: {fileID: 4300000, guid: 59f8db1cb2ee54489b59b884c63a9333, type: 3}
--- !u!65 &6566916
BoxCollider:
  m_ObjectHideFlags: 1
  m_PrefabParentObject: {fileID: 0}
  m_PrefabInternal: {fileID: 100100000}
  m_GameObject: {fileID: 170746}
  m_Material: {fileID: 0}
  m_IsTrigger: 0
  m_Enabled: 1
  serializedVersion: 2
  m_Size: {x: 1, y: 1, z: 1}
  m_Center: {x: 0, y: 0, z: 0}
--- !u!65 &6574974
BoxCollider:
  m_ObjectHideFlags: 1
  m_PrefabParentObject: {fileID: 0}
  m_PrefabInternal: {fileID: 100100000}
  m_GameObject: {fileID: 199780}
  m_Material: {fileID: 0}
  m_IsTrigger: 0
  m_Enabled: 1
  serializedVersion: 2
  m_Size: {x: 1, y: 1, z: 1}
  m_Center: {x: 0, y: 0, z: 0}
--- !u!68 &6827536
EdgeCollider2D:
  m_ObjectHideFlags: 1
  m_PrefabParentObject: {fileID: 0}
  m_PrefabInternal: {fileID: 100100000}
  m_GameObject: {fileID: 118730}
  m_Enabled: 1
  m_Density: 1
  m_Material: {fileID: 0}
  m_IsTrigger: 0
  m_UsedByEffector: 0
  m_Offset: {x: 0, y: 0}
  m_Points:
  - {x: 5.479822, y: 63.658398}
  - {x: -8.042793, y: 61.034378}
  - {x: -18.602907, y: 53.951847}
  - {x: -25.356588, y: 44.34533}
  - {x: -27.890907, y: 32.613472}
  - {x: -25.664164, y: 19.460604}
  - {x: -17.701035, y: 7.7893515}
  - {x: -8.91646, y: 2.1776314}
  - {x: -0.25111008, y: -0.42274666}
--- !u!68 &6834720
EdgeCollider2D:
  m_ObjectHideFlags: 1
  m_PrefabParentObject: {fileID: 0}
  m_PrefabInternal: {fileID: 100100000}
  m_GameObject: {fileID: 136596}
  m_Enabled: 1
  m_Density: 1
  m_Material: {fileID: 0}
  m_IsTrigger: 0
  m_UsedByEffector: 0
  m_Offset: {x: 0, y: 0}
  m_Points:
  - {x: 8.278678, y: -0.40817666}
  - {x: 19.18193, y: 3.2093961}
  - {x: 27.529451, y: 9.681775}
  - {x: 33.51521, y: 19.147533}
  - {x: 35.4991, y: 25.975618}
  - {x: 35.76126, y: 34.502224}
  - {x: 32.308, y: 46.00808}
  - {x: 26.194927, y: 54.264385}
  - {x: 16.431707, y: 60.762066}
  - {x: 7.7003503, y: 63.119118}
  - {x: 0.21545029, y: 63.45551}
--- !u!68 &6855294
EdgeCollider2D:
  m_ObjectHideFlags: 1
  m_PrefabParentObject: {fileID: 0}
  m_PrefabInternal: {fileID: 100100000}
  m_GameObject: {fileID: 113894}
  m_Enabled: 1
  m_Density: 1
  m_Material: {fileID: 0}
  m_IsTrigger: 0
  m_UsedByEffector: 0
  m_Offset: {x: 0, y: 0}
  m_Points:
  - {x: 8.278678, y: -0.40817666}
  - {x: 19.18193, y: 3.2093961}
  - {x: 27.529451, y: 9.681775}
  - {x: 33.51521, y: 19.147533}
  - {x: 35.4991, y: 25.975618}
  - {x: 35.76126, y: 34.502224}
  - {x: 32.308, y: 46.00808}
  - {x: 26.194927, y: 54.264385}
  - {x: 16.431707, y: 60.762066}
  - {x: 7.7003503, y: 63.119118}
  - {x: 0.21545029, y: 63.45551}
--- !u!68 &6873948
EdgeCollider2D:
  m_ObjectHideFlags: 1
  m_PrefabParentObject: {fileID: 0}
  m_PrefabInternal: {fileID: 100100000}
  m_GameObject: {fileID: 159948}
  m_Enabled: 1
  m_Density: 1
  m_Material: {fileID: 0}
  m_IsTrigger: 0
  m_UsedByEffector: 0
  m_Offset: {x: 0, y: 0}
  m_Points:
  - {x: 5.479822, y: 63.658398}
  - {x: -8.042793, y: 61.034378}
  - {x: -18.602907, y: 53.951847}
  - {x: -25.356588, y: 44.34533}
  - {x: -27.890907, y: 32.613472}
  - {x: -25.664164, y: 19.460604}
  - {x: -17.701035, y: 7.7893515}
  - {x: -8.91646, y: 2.1776314}
  - {x: -0.25111008, y: -0.42274666}
--- !u!68 &6876340
EdgeCollider2D:
  m_ObjectHideFlags: 1
  m_PrefabParentObject: {fileID: 0}
  m_PrefabInternal: {fileID: 100100000}
  m_GameObject: {fileID: 188688}
  m_Enabled: 1
  m_Density: 1
  m_Material: {fileID: 0}
  m_IsTrigger: 0
  m_UsedByEffector: 0
  m_Offset: {x: 0, y: 0}
  m_Points:
  - {x: 5.479822, y: 63.658398}
  - {x: -8.042793, y: 61.034378}
  - {x: -18.602907, y: 53.951847}
  - {x: -25.356588, y: 44.34533}
  - {x: -27.890907, y: 32.613472}
  - {x: -25.664164, y: 19.460604}
  - {x: -17.701035, y: 7.7893515}
  - {x: -8.91646, y: 2.1776314}
  - {x: -0.25111008, y: -0.42274666}
--- !u!68 &6885088
EdgeCollider2D:
  m_ObjectHideFlags: 1
  m_PrefabParentObject: {fileID: 0}
  m_PrefabInternal: {fileID: 100100000}
  m_GameObject: {fileID: 132958}
  m_Enabled: 1
  m_Density: 1
  m_Material: {fileID: 0}
  m_IsTrigger: 0
  m_UsedByEffector: 0
  m_Offset: {x: 0, y: 0}
  m_Points:
  - {x: 8.278678, y: -0.40817666}
  - {x: 19.18193, y: 3.2093961}
  - {x: 27.529451, y: 9.681775}
  - {x: 33.51521, y: 19.147533}
  - {x: 35.4991, y: 25.975618}
  - {x: 35.76126, y: 34.502224}
  - {x: 32.308, y: 46.00808}
  - {x: 26.194927, y: 54.264385}
  - {x: 16.431707, y: 60.762066}
  - {x: 7.7003503, y: 63.119118}
  - {x: 0.21545029, y: 63.45551}
--- !u!95 &9571640
Animator:
  serializedVersion: 3
  m_ObjectHideFlags: 1
  m_PrefabParentObject: {fileID: 0}
  m_PrefabInternal: {fileID: 100100000}
  m_GameObject: {fileID: 135636}
  m_Enabled: 1
  m_Avatar: {fileID: 9000000, guid: da2db06cfb08542f39997d959f1ad1cf, type: 3}
  m_Controller: {fileID: 0}
  m_CullingMode: 0
  m_UpdateMode: 0
  m_ApplyRootMotion: 0
  m_LinearVelocityBlending: 0
  m_WarningMessage: 
  m_HasTransformHierarchy: 1
  m_AllowConstantClipSamplingOptimization: 1
--- !u!95 &9594450
Animator:
  serializedVersion: 3
  m_ObjectHideFlags: 1
  m_PrefabParentObject: {fileID: 0}
  m_PrefabInternal: {fileID: 100100000}
  m_GameObject: {fileID: 171554}
  m_Enabled: 1
  m_Avatar: {fileID: 9000000, guid: 1bfe38b61f4fc4b86a1389dbca414d88, type: 3}
  m_Controller: {fileID: 0}
  m_CullingMode: 0
  m_UpdateMode: 0
  m_ApplyRootMotion: 0
  m_LinearVelocityBlending: 0
  m_WarningMessage: 
  m_HasTransformHierarchy: 1
  m_AllowConstantClipSamplingOptimization: 1
--- !u!114 &11431236
MonoBehaviour:
  m_ObjectHideFlags: 1
  m_PrefabParentObject: {fileID: 0}
  m_PrefabInternal: {fileID: 100100000}
  m_GameObject: {fileID: 160736}
  m_Enabled: 1
  m_EditorHideFlags: 0
  m_Script: {fileID: 11500000, guid: 7f11abbbe6c664817accf52aa2077ddf, type: 3}
  m_Name: 
  m_EditorClassIdentifier: 
  rollerCoaster: {fileID: 418768}
  foreground: {fileID: 406036}
  accelerator: []
--- !u!114 &11435026
MonoBehaviour:
  m_ObjectHideFlags: 1
  m_PrefabParentObject: {fileID: 0}
  m_PrefabInternal: {fileID: 100100000}
  m_GameObject: {fileID: 147976}
  m_Enabled: 1
  m_EditorHideFlags: 0
  m_Script: {fileID: 11500000, guid: 14e10e8d7e32441cf931674206b595c5, type: 3}
  m_Name: 
  m_EditorClassIdentifier: 
  leftHalf: {fileID: 6876340}
  rightHalf: {fileID: 6855294}
  center: {fileID: 440978}
--- !u!114 &11463966
MonoBehaviour:
  m_ObjectHideFlags: 1
  m_PrefabParentObject: {fileID: 0}
  m_PrefabInternal: {fileID: 100100000}
  m_GameObject: {fileID: 129548}
  m_Enabled: 1
  m_EditorHideFlags: 0
  m_Script: {fileID: 11500000, guid: 14e10e8d7e32441cf931674206b595c5, type: 3}
  m_Name: 
  m_EditorClassIdentifier: 
  leftHalf: {fileID: 6873948}
  rightHalf: {fileID: 6885088}
  center: {fileID: 416336}
--- !u!114 &11492594
MonoBehaviour:
  m_ObjectHideFlags: 1
  m_PrefabParentObject: {fileID: 0}
  m_PrefabInternal: {fileID: 100100000}
  m_GameObject: {fileID: 118896}
  m_Enabled: 1
  m_EditorHideFlags: 0
  m_Script: {fileID: 11500000, guid: 14e10e8d7e32441cf931674206b595c5, type: 3}
  m_Name: 
  m_EditorClassIdentifier: 
  leftHalf: {fileID: 6827536}
  rightHalf: {fileID: 6834720}
  center: {fileID: 450306}
--- !u!212 &21242442
SpriteRenderer:
  m_ObjectHideFlags: 1
  m_PrefabParentObject: {fileID: 0}
  m_PrefabInternal: {fileID: 100100000}
  m_GameObject: {fileID: 114844}
  m_Enabled: 0
  m_CastShadows: 0
  m_ReceiveShadows: 0
  m_Materials:
  - {fileID: 10754, guid: 0000000000000000e000000000000000, type: 0}
  m_SubsetIndices: 
  m_StaticBatchRoot: {fileID: 0}
  m_UseLightProbes: 0
  m_ReflectionProbeUsage: 0
  m_ProbeAnchor: {fileID: 0}
  m_ScaleInLightmap: 1
  m_PreserveUVs: 0
  m_IgnoreNormalsForChartDetection: 0
  m_ImportantGI: 0
  m_MinimumChartSize: 4
  m_AutoUVMaxDistance: 0.5
  m_AutoUVMaxAngle: 89
  m_LightmapParameters: {fileID: 0}
  m_SortingLayerID: 0
  m_SortingOrder: 0
  m_Sprite: {fileID: 21300000, guid: b7bb5de788a564807b5caf561d45a3e5, type: 3}
  m_Color: {r: 1, g: 1, b: 1, a: 1}
  m_FlipX: 0
  m_FlipY: 0
--- !u!1001 &100100000
Prefab:
  m_ObjectHideFlags: 1
  serializedVersion: 2
  m_Modification:
    m_TransformParent: {fileID: 0}
    m_Modifications:
    - target: {fileID: 0}
      propertyPath: m_IsActive
      value: 0
      objectReference: {fileID: 0}
    - target: {fileID: 0}
      propertyPath: m_Material
      value: 
      objectReference: {fileID: 6200000, guid: 832d150d11eb345a48d16837b719ea57, type: 2}
    m_RemovedComponents: []
  m_ParentPrefab: {fileID: 0}
  m_RootGameObject: {fileID: 160736}
  m_IsPrefabParent: 1
